TIMESTAMP,TRADE_ID,PRICE,SIDE,SIZE,BUYER_ORDER_ID,SELLER_ORDER_ID,COMPONENT,BUCKET
2022-01-01T00:00:00Z,1207691977,46216.93000000,ASK,0.00709000,8815678615,8815678512,,2022-01-01-00
2022-01-01T00:00:00Z,1207691978,46216.92000000,BID,0.00041000,8815678563,8815678616,,2022-01-01-00
2022-01-01T00:00:00Z,1207691979,46216.93000000,ASK,0.00056000,8815678617,8815678512,,2022-01-01-00
2022-01-01T00:00:00Z,1207691980,46216.92000000,BID,0.00066000,8815678563,8815678618,,2022-01-01-00
2022-01-01T00:00:00.002Z,1207691981,46216.92000000,BID,0.00523000,8815678563,8815678619,,2022-01-01-00
2022-01-01T00:00:00.003Z,1207691982,46216.93000000,ASK,0.00631000,8815678620,8815678512,,2022-01-01-00
2022-01-01T00:00:00.003Z,1207691983,46216.93000000,ASK,0.00443000,8815678621,8815678512,,2022-01-01-00
2022-01-01T00:00:00.004Z,1207691984,46216.92000000,BID,0.00573000,8815678563,8815678622,,2022-01-01-00
2022-01-01T00:00:00.005Z,1207691985,46216.92000000,BID,0.00718000,8815678563,8815678623,,2022-01-01-00
2022-01-01T00:00:00.005Z,1207691986,46216.93000000,ASK,0.00414000,8815678624,8815678512,,2022-01-01-00
2022-01-01T00:00:00.007Z,1207691987,46216.93000000,ASK,0.00047000,8815678625,8815678512,,2022-01-01-00
2022-01-01T00:00:00.008Z,1207691988,46216.92000000,BID,0.00518000,8815678563,8815678626,,2022-01-01-00
2022-01-01T00:00:00.02Z,1207691989,46216.92000000,BID,0.00462000,8815678563,8815678628,,2022-01-01-00
2022-01-01T00:00:00.048Z,1207691990,46216.92000000,BID,0.01351000,8815678563,8815678629,,2022-01-01-00
2022-01-01T00:00:00.048Z,1207691991,46216.92000000,BID,0.21729000,8815678611,8815678629,,2022-01-01-00
2022-01-01T00:00:00.27Z,1207691992,46216.92000000,BID,0.00464000,8815678611,8815678646,,2022-01-01-00
2022-01-01T00:00:00.406Z,1207691993,46216.93000000,ASK,0.00092000,8815678659,8815678512,,2022-01-01-00
2022-01-01T00:00:00.615Z,1207691994,46216.92000000,BID,0.03444000,8815678611,8815678688,,2022-01-01-00
2022-01-01T00:00:00.615Z,1207691995,46216.92000000,BID,0.00433000,8815678635,8815678688,,2022-01-01-00
2022-01-01T00:00:00.615Z,1207691996,46216.92000000,BID,0.01766000,8815678664,8815678688,,2022-01-01-00
2022-01-01T00:00:00.781Z,1207691997,46216.92000000,BID,0.00109000,8815678664,8815678714,,2022-01-01-00
2022-01-01T00:00:00.805Z,1207691998,46216.93000000,ASK,0.00148000,8815678717,8815678512,,2022-01-01-00
2022-01-01T00:00:00.867Z,1207691999,46216.92000000,BID,0.00527000,8815678664,8815678724,,2022-01-01-00
2022-01-01T00:00:00.945Z,1207692000,46216.92000000,BID,0.00022000,8815678664,8815678726,,2022-01-01-00
2022-01-01T00:00:00.949Z,1207692001,46216.92000000,BID,0.00104000,8815678664,8815678727,,2022-01-01-00
2022-01-01T00:00:00.997Z,1207692002,46216.92000000,BID,0.01922000,8815678664,8815678731,,2022-01-01-00
2022-01-01T00:00:00.997Z,1207692003,46216.92000000,BID,0.00042000,8815678718,8815678731,,2022-01-01-00
2022-01-01T00:00:00.997Z,1207692004,46216.92000000,BID,0.00093000,8815678719,8815678731,,2022-01-01-00
2022-01-01T00:00:01.037Z,1207692005,46216.92000000,BID,0.01256000,8815678719,8815678732,,2022-01-01-00
2022-01-01T00:00:01.072Z,1207692006,46216.93000000,ASK,0.09065000,8815678734,8815678512,,2022-01-01-00
2022-01-01T00:00:01.072Z,1207692007,46216.93000000,ASK,0.24793000,8815678734,8815678570,,2022-01-01-00
2022-01-01T00:00:01.072Z,1207692008,46216.93000000,ASK,0.08700000,8815678734,8815678575,,2022-01-01-00
2022-01-01T00:00:01.072Z,1207692009,46216.93000000,ASK,1.30000000,8815678734,8815678640,,2022-01-01-00
2022-01-01T00:00:01.072Z,1207692010,46216.93000000,ASK,0.43500000,8815678734,8815678730,,2022-01-01-00
2022-01-01T00:00:01.072Z,1207692011,46216.94000000,ASK,0.29850000,8815678734,8815677613,,2022-01-01-00
2022-01-01T00:00:01.098Z,1207692012,46220.83000000,ASK,0.03174000,8815678744,8815678486,,2022-01-01-00
2022-01-01T00:00:01.113Z,1207692013,46220.82000000,BID,0.01000000,8815678735,8815678750,,2022-01-01-00
2022-01-01T00:00:01.186Z,1207692014,46220.82000000,BID,0.02075000,8815678735,8815678768,,2022-01-01-00
2022-01-01T00:00:01.186Z,1207692015,46220.82000000,BID,0.01731000,8815678741,8815678768,,2022-01-01-00
2022-01-01T00:00:01.186Z,1207692016,46220.82000000,BID,0.01188000,8815678742,8815678768,,2022-01-01-00
2022-01-01T00:00:01.208Z,1207692017,46220.83000000,ASK,0.00422000,8815678777,8815678486,,2022-01-01-00
2022-01-01T00:00:01.219Z,1207692018,46220.83000000,ASK,0.00527000,8815678779,8815678486,,2022-01-01-00
2022-01-01T00:00:01.224Z,1207692019,46220.83000000,ASK,0.00227000,8815678782,8815678486,,2022-01-01-00
2022-01-01T00:00:01.252Z,1207692020,46220.82000000,BID,0.00157000,8815678742,8815678787,,2022-01-01-00
2022-01-01T00:00:01.449Z,1207692021,46220.82000000,BID,0.00342000,8815678742,8815678809,,2022-01-01-00
2022-01-01T00:00:01.468Z,1207692022,46220.83000000,ASK,0.00527000,8815678810,8815678486,,2022-01-01-00
2022-01-01T00:00:01.487Z,1207692023,46220.82000000,BID,0.03313000,8815678742,8815678812,,2022-01-01-00
2022-01-01T00:00:01.487Z,1207692024,46220.82000000,BID,0.00710000,8815678745,8815678812,,2022-01-01-00
2022-01-01T00:00:01.518Z,1207692025,46220.83000000,ASK,0.00527000,8815678817,8815678486,,2022-01-01-00
2022-01-01T00:00:01.557Z,1207692026,46220.82000000,BID,0.02286000,8815678745,8815678820,,2022-01-01-00
2022-01-01T00:00:01.91Z,1207692027,46220.82000000,BID,0.00527000,8815678745,8815678831,,2022-01-01-00
2022-01-01T00:00:01.964Z,1207692028,46220.83000000,ASK,0.06534000,8815678833,8815678486,,2022-01-01-00
2022-01-01T00:00:01.964Z,1207692029,46220.83000000,ASK,0.08438000,8815678833,8815678531,,2022-01-01-00
2022-01-01T00:00:01.964Z,1207692030,46220.83000000,ASK,0.08028000,8815678833,8815678747,,2022-01-01-00
2022-01-01T00:00:01.967Z,1207692031,46220.82000000,BID,0.00022000,8815678745,8815678834,,2022-01-01-00
2022-01-01T00:00:01.98Z,1207692032,46220.83000000,ASK,0.23000000,8815678837,8815678747,,2022-01-01-00
2022-01-01T00:00:02.106Z,1207692033,46220.82000000,BID,0.00527000,8815678745,8815678842,,2022-01-01-00
2022-01-01T00:00:02.568Z,1207692034,46220.82000000,BID,0.00246000,8815678745,8815678870,,2022-01-01-00
2022-01-01T00:00:02.634Z,1207692035,46220.82000000,BID,0.00619000,8815678745,8815678890,,2022-01-01-00
2022-01-01T00:00:02.806Z,1207692036,46220.82000000,BID,0.00376000,8815678745,8815678919,,2022-01-01-00
2022-01-01T00:00:02.841Z,1207692037,46220.82000000,BID,0.00080000,8815678745,8815678926,,2022-01-01-00
2022-01-01T00:00:02.937Z,1207692038,46220.83000000,ASK,0.00022000,8815678942,8815678774,,2022-01-01-00
2022-01-01T00:00:02.971Z,1207692039,46220.83000000,ASK,0.00289000,8815678943,8815678774,,2022-01-01-00
2022-01-01T00:00:03.079Z,1207692040,46220.82000000,BID,0.00217000,8815678745,8815678947,,2022-01-01-00
2022-01-01T00:00:03.09Z,1207692041,46220.82000000,BID,0.09671000,8815678745,8815678949,,2022-01-01-00
2022-01-01T00:00:03.276Z,1207692042,46220.82000000,BID,0.00348000,8815678745,8815678970,,2022-01-01-00
2022-01-01T00:00:03.286Z,1207692043,46220.82000000,BID,0.09164000,8815678745,8815678973,,2022-01-01-00
2022-01-01T00:00:03.286Z,1207692044,46220.82000000,BID,0.01467000,8815678748,8815678973,,2022-01-01-00
2022-01-01T00:00:03.392Z,1207692045,46220.83000000,ASK,0.03357000,8815678980,8815678774,,2022-01-01-00
2022-01-01T00:00:03.458Z,1207692046,46220.82000000,BID,0.00108000,8815678748,8815678983,,2022-01-01-00
2022-01-01T00:00:03.634Z,1207692047,46220.82000000,BID,0.00092000,8815678748,8815679003,,2022-01-01-00
2022-01-01T00:00:03.686Z,1207692048,46220.83000000,ASK,0.00237000,8815679010,8815678774,,2022-01-01-00
2022-01-01T00:00:03.765Z,1207692049,46220.83000000,ASK,0.00029000,8815679023,8815678774,,2022-01-01-00
2022-01-01T00:00:03.949Z,1207692050,46220.82000000,BID,0.33787000,8815678748,8815679034,,2022-01-01-00
2022-01-01T00:00:04.047Z,1207692051,46220.82000000,BID,0.00048000,8815678748,8815679037,,2022-01-01-00
2022-01-01T00:00:04.197Z,1207692052,46220.82000000,BID,0.00363000,8815678748,8815679044,,2022-01-01-00
2022-01-01T00:00:04.367Z,1207692053,46220.82000000,BID,0.10024000,8815678748,8815679051,,2022-01-01-00
2022-01-01T00:00:04.407Z,1207692054,46220.83000000,ASK,0.10024000,8815679056,8815678774,,2022-01-01-00
2022-01-01T00:00:04.408Z,1207692055,46220.82000000,BID,0.06667000,8815678748,8815679057,,2022-01-01-00
2022-01-01T00:00:04.408Z,1207692056,46220.82000000,BID,0.00216000,8815678771,8815679057,,2022-01-01-00
2022-01-01T00:00:04.408Z,1207692057,46220.82000000,BID,0.00798000,8815678797,8815679057,,2022-01-01-00
2022-01-01T00:00:04.408Z,1207692058,46220.82000000,BID,0.02343000,8815678818,8815679057,,2022-01-01-00
2022-01-01T00:00:04.866Z,1207692059,46220.82000000,BID,0.02933000,8815678818,8815679103,,2022-01-01-00
2022-01-01T00:00:04.866Z,1207692060,46220.82000000,BID,0.00433000,8815678819,8815679103,,2022-01-01-00
2022-01-01T00:00:04.866Z,1207692061,46220.82000000,BID,0.32113000,8815678856,8815679103,,2022-01-01-00
2022-01-01T00:00:05.052Z,1207692062,46220.82000000,BID,0.20476000,8815678856,8815679121,,2022-01-01-00
2022-01-01T00:00:05.052Z,1207692063,46220.82000000,BID,0.06877000,8815678858,8815679121,,2022-01-01-00
2022-01-01T00:00:05.249Z,1207692064,46220.82000000,BID,0.19417000,8815678858,8815679151,,2022-01-01-00
2022-01-01T00:00:05.249Z,1207692065,46220.82000000,BID,0.00467000,8815678859,8815679151,,2022-01-01-00
2022-01-01T00:00:05.486Z,1207692066,46220.82000000,BID,0.00042000,8815678859,8815679164,,2022-01-01-00
2022-01-01T00:00:05.593Z,1207692067,46220.83000000,ASK,0.00216000,8815679175,8815678774,,2022-01-01-00
2022-01-01T00:00:06.275Z,1207692068,46220.82000000,BID,0.00261000,8815678859,8815679210,,2022-01-01-00
2022-01-01T00:00:06.93Z,1207692069,46220.83000000,ASK,0.10826000,8815679224,8815678774,,2022-01-01-00
2022-01-01T00:00:06.93Z,1207692070,46220.83000000,ASK,0.17220000,8815679224,8815678864,,2022-01-01-00
2022-01-01T00:00:06.93Z,1207692071,46220.83000000,ASK,0.23818000,8815679224,8815678969,,2022-01-01-00
2022-01-01T00:00:06.93Z,1207692072,46220.83000000,ASK,0.10000000,8815679224,8815679033,,2022-01-01-00
2022-01-01T00:00:06.93Z,1207692073,46220.83000000,ASK,0.05000000,8815679224,8815679052,,2022-01-01-00
2022-01-01T00:00:06.93Z,1207692074,46220.83000000,ASK,0.23000000,8815679224,8815679106,,2022-01-01-00
2022-01-01T00:00:06.93Z,1207692075,46220.83000000,ASK,0.03655000,8815679224,8815679123,,2022-01-01-00
2022-01-01T00:00:07.105Z,1207692076,46220.83000000,ASK,0.00024000,8815679233,8815679123,,2022-01-01-00
2022-01-01T00:00:07.311Z,1207692077,46220.82000000,BID,0.00310000,8815678859,8815679244,,2022-01-01-00
2022-01-01T00:00:07.325Z,1207692078,46220.82000000,BID,0.00091000,8815678859,8815679245,,2022-01-01-00
2022-01-01T00:00:07.354Z,1207692079,46220.82000000,BID,0.11208000,8815678859,8815679246,,2022-01-01-00
2022-01-01T00:00:07.354Z,1207692080,46220.82000000,BID,0.00217000,8815679039,8815679246,,2022-01-01-00
2022-01-01T00:00:07.354Z,1207692081,46220.82000000,BID,0.00026000,8815679046,8815679246,,2022-01-01-00
2022-01-01T00:00:07.354Z,1207692082,46220.82000000,BID,0.02221000,8815679104,8815679246,,2022-01-01-00
2022-01-01T00:00:07.354Z,1207692083,46220.82000000,BID,0.01145000,8815679107,8815679246,,2022-01-01-00
2022-01-01T00:00:07.354Z,1207692084,46220.82000000,BID,0.00085000,8815679110,8815679246,,2022-01-01-00
2022-01-01T00:00:07.354Z,1207692085,46220.82000000,BID,0.03638000,8815679147,8815679246,,2022-01-01-00
2022-01-01T00:00:07.354Z,1207692086,46220.82000000,BID,0.19873000,8815679149,8815679246,,2022-01-01-00
2022-01-01T00:00:07.354Z,1207692087,46220.82000000,BID,0.05305000,8815679150,8815679246,,2022-01-01-00
2022-01-01T00:00:07.354Z,1207692088,46220.82000000,BID,0.00216000,8815679154,8815679246,,2022-01-01-00
2022-01-01T00:00:07.354Z,1207692089,46220.82000000,BID,0.00216000,8815679156,8815679246,,2022-01-01-00
2022-01-01T00:00:07.354Z,1207692090,46220.82000000,BID,0.00433000,8815679178,8815679246,,2022-01-01-00
2022-01-01T00:00:07.354Z,1207692091,46220.65000000,BID,0.00772000,8815678839,8815679246,,2022-01-01-00
2022-01-01T00:00:07.363Z,1207692092,46220.65000000,BID,0.00401000,8815678839,8815679252,,2022-01-01-00
2022-01-01T00:00:07.373Z,1207692093,46216.94000000,BID,0.00052000,8815679236,8815679261,,2022-01-01-00
2022-01-01T00:00:07.484Z,1207692094,46216.94000000,BID,0.00062000,8815679236,8815679283,,2022-01-01-00
2022-01-01T00:00:07.529Z,1207692095,46216.94000000,BID,0.00398000,8815679236,8815679287,,2022-01-01-00
2022-01-01T00:00:07.657Z,1207692096,46216.94000000,BID,0.00093000,8815679236,8815679294,,2022-01-01-00
2022-01-01T00:00:07.678Z,1207692097,46216.94000000,BID,0.01558000,8815679236,8815679297,,2022-01-01-00
2022-01-01T00:00:07.678Z,1207692098,46214.72000000,BID,0.01613000,8815678758,8815679297,,2022-01-01-00
2022-01-01T00:00:07.678Z,1207692099,46214.17000000,BID,0.00069000,8815679030,8815679297,,2022-01-01-00
2022-01-01T00:00:07.678Z,1207692100,46211.57000000,BID,0.04389000,8815679127,8815679297,,2022-01-01-00
2022-01-01T00:00:07.678Z,1207692101,46211.56000000,BID,0.08700000,8815679161,8815679297,,2022-01-01-00
2022-01-01T00:00:07.678Z,1207692102,46211.31000000,BID,0.01715000,8815678405,8815679297,,2022-01-01-00
2022-01-01T00:00:07.678Z,1207692103,46210.35000000,BID,0.10628000,8815679282,8815679297,,2022-01-01-00
2022-01-01T00:00:07.678Z,1207692104,46210.35000000,BID,0.10819000,8815679285,8815679297,,2022-01-01-00
2022-01-01T00:00:07.678Z,1207692105,46210.34000000,BID,0.03589000,8815679277,8815679297,,2022-01-01-00
2022-01-01T00:00:07.696Z,1207692106,46210.35000000,BID,0.09377000,8815679309,8815679313,,2022-01-01-00
2022-01-01T00:00:07.696Z,1207692107,46210.34000000,BID,0.08878000,8815679277,8815679313,,2022-01-01-00
2022-01-01T00:00:07.72Z,1207692108,46210.63000000,BID,0.01082000,8815679337,8815679340,,2022-01-01-00
2022-01-01T00:00:07.742Z,1207692109,46211.02000000,BID,0.01082000,8815679359,8815679360,,2022-01-01-00
2022-01-01T00:00:07.742Z,1207692110,46210.87000000,BID,0.06712000,8815679356,8815679360,,2022-01-01-00
2022-01-01T00:00:07.742Z,1207692111,46210.87000000,BID,0.01634000,8815679357,8815679360,,2022-01-01-00
2022-01-01T00:00:07.788Z,1207692112,46212.30000000,ASK,0.01270000,8815679384,8815679367,,2022-01-01-00
2022-01-01T00:00:07.849Z,1207692113,46212.30000000,ASK,0.00098000,8815679395,8815679367,,2022-01-01-00
2022-01-01T00:00:07.876Z,1207692114,46212.30000000,ASK,0.00317000,8815679403,8815679367,,2022-01-01-00
2022-01-01T00:00:07.943Z,1207692115,46211.22000000,BID,0.00043000,8815679369,8815679411,,2022-01-01-00
2022-01-01T00:00:08.064Z,1207692116,46211.22000000,BID,0.00043000,8815679369,8815679418,,2022-01-01-00
2022-01-01T00:00:08.132Z,1207692117,46208.37000000,BID,0.00043000,8815678641,8815679421,,2022-01-01-00
2022-01-01T00:00:08.165Z,1207692118,46208.38000000,ASK,0.01727000,8815679428,8815679420,,2022-01-01-00
2022-01-01T00:00:08.183Z,1207692119,46208.38000000,ASK,0.04554000,8815679432,8815679420,,2022-01-01-00
2022-01-01T00:00:08.183Z,1207692120,46208.38000000,ASK,0.00004000,8815679432,8815679424,,2022-01-01-00
2022-01-01T00:00:08.185Z,1207692121,46208.38000000,ASK,0.01727000,8815679433,8815679424,,2022-01-01-00
2022-01-01T00:00:08.185Z,1207692122,46211.40000000,ASK,0.01173000,8815679433,8815679417,,2022-01-01-00
2022-01-01T00:00:08.185Z,1207692123,46212.30000000,ASK,0.41815000,8815679433,8815679367,,2022-01-01-00
2022-01-01T00:00:08.185Z,1207692124,46214.61000000,ASK,0.03135000,8815679433,8815679350,,2022-01-01-00
2022-01-01T00:00:08.185Z,1207692125,46214.61000000,ASK,0.10446000,8815679433,8815679352,,2022-01-01-00
2022-01-01T00:00:08.185Z,1207692126,46214.61000000,ASK,0.10821000,8815679433,8815679425,,2022-01-01-00
2022-01-01T00:00:08.185Z,1207692127,46214.62000000,ASK,0.43500000,8815679433,8815679339,,2022-01-01-00
2022-01-01T00:00:08.185Z,1207692128,46214.62000000,ASK,0.08700000,8815679433,8815679353,,2022-01-01-00
2022-01-01T00:00:08.185Z,1207692129,46218.18000000,ASK,0.01199000,8815679433,8815679288,,2022-01-01-00
2022-01-01T00:00:08.19Z,1207692130,46219.26000000,ASK,0.23000000,8815679438,8815679426,,2022-01-01-00
2022-01-01T00:00:08.19Z,1207692131,46220.04000000,ASK,0.15434000,8815679438,8815679397,,2022-01-01-00
2022-01-01T00:00:08.19Z,1207692132,46220.05000000,ASK,0.04655000,8815679438,8815679270,,2022-01-01-00
2022-01-01T00:00:08.193Z,1207692133,46220.05000000,ASK,0.04045000,8815679448,8815679270,,2022-01-01-00
2022-01-01T00:00:08.193Z,1207692134,46220.21000000,ASK,0.32867000,8815679448,8815679394,,2022-01-01-00
2022-01-01T00:00:08.193Z,1207692135,46220.21000000,ASK,0.06177000,8815679448,8815679396,,2022-01-01-00
2022-01-01T00:00:08.194Z,1207692136,46220.21000000,ASK,1.03374000,8815679449,8815679396,,2022-01-01-00
2022-01-01T00:00:08.194Z,1207692137,46220.65000000,ASK,0.00193000,8815679450,8815679331,,2022-01-01-00
2022-01-01T00:00:08.197Z,1207692138,46220.65000000,ASK,0.01420000,8815679457,8815679331,,2022-01-01-00
2022-01-01T00:00:08.197Z,1207692139,46220.76000000,ASK,0.03719000,8815679457,8815679306,,2022-01-01-00
2022-01-01T00:00:08.197Z,1207692140,46220.82000000,ASK,0.10719000,8815679457,8815679258,,2022-01-01-00
2022-01-01T00:00:08.198Z,1207692141,46220.82000000,ASK,1.34504000,8815679460,8815679258,,2022-01-01-00
2022-01-01T00:00:08.2Z,1207692142,46220.82000000,ASK,0.67777000,8815679464,8815679258,,2022-01-01-00
2022-01-01T00:00:08.2Z,1207692143,46220.83000000,ASK,0.20712000,8815679464,8815679123,,2022-01-01-00
2022-01-01T00:00:08.2Z,1207692144,46220.83000000,ASK,0.01037000,8815679464,8815679431,,2022-01-01-00
2022-01-01T00:00:08.2Z,1207692145,46220.84000000,ASK,0.33724000,8815679464,8815679108,,2022-01-01-00
2022-01-01T00:00:08.2Z,1207692146,46220.84000000,ASK,0.17220000,8815679464,8815679234,,2022-01-01-00
2022-01-01T00:00:08.208Z,1207692147,46224.44000000,ASK,0.04234000,8815679493,8815678654,,2022-01-01-00
2022-01-01T00:00:08.208Z,1207692148,46224.85000000,ASK,0.08700000,8815679493,8815676854,,2022-01-01-00
2022-01-01T00:00:08.208Z,1207692149,46224.85000000,ASK,0.00067000,8815679493,8815677321,,2022-01-01-00
2022-01-01T00:00:08.208Z,1207692150,46225.31000000,ASK,0.19075000,8815679493,8815679455,,2022-01-01-00
2022-01-01T00:00:08.208Z,1207692151,46226.51000000,ASK,0.00520000,8815679493,8815679439,,2022-01-01-00
2022-01-01T00:00:08.208Z,1207692152,46227.06000000,ASK,0.07822000,8815679493,8815679489,,2022-01-01-00
2022-01-01T00:00:08.208Z,1207692153,46227.07000000,ASK,0.20832000,8815679493,8815679082,,2022-01-01-00
2022-01-01T00:00:08.211Z,1207692154,46227.07000000,ASK,0.00708000,8815679501,8815679082,,2022-01-01-00
2022-01-01T00:00:08.211Z,1207692155,46227.97000000,ASK,0.00806000,8815679501,8815678380,,2022-01-01-00
2022-01-01T00:00:08.211Z,1207692156,46229.08000000,ASK,0.44521000,8815679501,8815678939,,2022-01-01-00
2022-01-01T00:00:08.237Z,1207692157,46230.00000000,ASK,0.30660000,8815679559,8815675843,,2022-01-01-00
2022-01-01T00:00:08.243Z,1207692158,46230.00000000,ASK,0.34000000,8815679564,8815675843,,2022-01-01-00
2022-01-01T00:00:08.244Z,1207692159,46230.00000000,ASK,3.91595000,8815679566,8815675843,,2022-01-01-00
2022-01-01T00:00:08.245Z,1207692160,46230.00000000,ASK,0.22000000,8815679567,8815675843,,2022-01-01-00
2022-01-01T00:00:08.254Z,1207692161,46230.00000000,ASK,0.41158000,8815679572,8815675843,,2022-01-01-00
2022-01-01T00:00:08.263Z,1207692162,46230.00000000,ASK,0.04826000,8815679579,8815675843,,2022-01-01-00
2022-01-01T00:00:08.267Z,1207692163,46230.00000000,ASK,0.01489000,8815679583,8815675843,,2022-01-01-00
2022-01-01T00:00:08.297Z,1207692164,46229.99000000,BID,0.01033000,8815679540,8815679598,,2022-01-01-00
2022-01-01T00:00:08.326Z,1207692165,46229.99000000,BID,0.01683000,8815679540,8815679610,,2022-01-01-00
2022-01-01T00:00:08.413Z,1207692166,46230.00000000,ASK,0.02650000,8815679633,8815675843,,2022-01-01-00
2022-01-01T00:00:08.426Z,1207692167,46229.99000000,BID,0.00071000,8815679540,8815679642,,2022-01-01-00
2022-01-01T00:00:08.431Z,1207692168,46230.00000000,ASK,2.72935000,8815679644,8815675843,,2022-01-01-00
2022-01-01T00:00:08.431Z,1207692169,46230.00000000,ASK,0.02678000,8815679644,8815676650,,2022-01-01-00
2022-01-01T00:00:08.431Z,1207692170,46230.00000000,ASK,0.00791000,8815679644,8815676691,,2022-01-01-00
2022-01-01T00:00:08.431Z,1207692171,46230.00000000,ASK,0.23000000,8815679644,8815679568,,2022-01-01-00
2022-01-01T00:00:08.431Z,1207692172,46230.00000000,ASK,0.01082000,8815679644,8815679599,,2022-01-01-00
2022-01-01T00:00:08.431Z,1207692173,46230.01000000,ASK,0.21540000,8815679644,8815679555,,2022-01-01-00
2022-01-01T00:00:08.431Z,1207692174,46231.56000000,ASK,0.98972000,8815679644,8815678542,,2022-01-01-00
2022-01-01T00:00:08.431Z,1207692175,46231.56000000,ASK,0.10815000,8815679644,8815679614,,2022-01-01-00
2022-01-01T00:00:08.431Z,1207692176,46232.63000000,ASK,0.10559000,8815679644,8815679096,,2022-01-01-00
2022-01-01T00:00:08.453Z,1207692177,46233.22000000,BID,0.43411000,8815679650,8815679660,,2022-01-01-00
2022-01-01T00:00:08.453Z,1207692178,46233.23000000,ASK,0.00079000,8815675824,8815676837,,2022-01-01-00
2022-01-01T00:00:08.459Z,1207692179,46233.22000000,BID,0.01730000,8815679655,8815679665,,2022-01-01-00
2022-01-01T00:00:08.459Z,1207692180,46233.22000000,BID,0.01445000,8815679663,8815679665,,2022-01-01-00
2022-01-01T00:00:08.472Z,1207692181,46230.03000000,BID,0.00110000,8815679652,8815679670,,2022-01-01-00
2022-01-01T00:00:08.495Z,1207692182,46229.68000000,BID,0.00459000,8815679623,8815679678,,2022-01-01-00
2022-01-01T00:00:08.517Z,1207692183,46225.04000000,BID,0.01231000,8815679684,8815679687,,2022-01-01-00
2022-01-01T00:00:08.533Z,1207692184,46229.23000000,ASK,0.00060000,8815679690,8815679685,,2022-01-01-00
2022-01-01T00:00:08.57Z,1207692185,46225.04000000,BID,0.00397000,8815679684,8815679698,,2022-01-01-00
2022-01-01T00:00:08.609Z,1207692186,46225.04000000,BID,0.00038000,8815679684,8815679700,,2022-01-01-00
2022-01-01T00:00:08.679Z,1207692187,46225.04000000,BID,0.00052000,8815679684,8815679709,,2022-01-01-00
2022-01-01T00:00:08.954Z,1207692188,46225.04000000,BID,0.01552000,8815679684,8815679767,,2022-01-01-00
2022-01-01T00:00:09.015Z,1207692189,46225.05000000,ASK,0.01411000,8815679777,8815679769,,2022-01-01-00
2022-01-01T00:00:09.051Z,1207692190,46225.05000000,ASK,0.01126000,8815679783,8815679769,,2022-01-01-00
2022-01-01T00:00:09.115Z,1207692191,46225.05000000,ASK,0.01126000,8815679785,8815679769,,2022-01-01-00
2022-01-01T00:00:09.234Z,1207692192,46225.04000000,BID,0.40230000,8815679684,8815679797,,2022-01-01-00
2022-01-01T00:00:09.253Z,1207692193,46224.43000000,BID,0.00043000,8815679587,8815679807,,2022-01-01-00
2022-01-01T00:00:09.253Z,1207692194,46224.43000000,BID,0.00043000,8815679588,8815679807,,2022-01-01-00
2022-01-01T00:00:09.58Z,1207692195,46222.00000000,ASK,0.00026000,8815679904,8815679898,,2022-01-01-00
2022-01-01T00:00:09.58Z,1207692196,46222.18000000,ASK,0.00934000,8815679904,8815679886,,2022-01-01-00
2022-01-01T00:00:09.752Z,1207692197,46221.11000000,BID,0.00025000,8815679908,8815679937,,2022-01-01-00
2022-01-01T00:00:09.963Z,1207692198,46222.18000000,ASK,0.00065000,8815679977,8815679886,,2022-01-01-00
2022-01-01T00:00:10.034Z,1207692199,46222.18000000,ASK,0.00001000,8815679990,8815679886,,2022-01-01-00
2022-01-01T00:00:10.034Z,1207692200,46223.92000000,ASK,0.00020000,8815679990,8815679989,,2022-01-01-00
2022-01-01T00:00:10.064Z,1207692201,46223.65000000,BID,0.00552000,8815679992,8815680001,,2022-01-01-00
2022-01-01T00:00:10.089Z,1207692202,46223.66000000,ASK,0.00219000,8815680005,8815679995,,2022-01-01-00
2022-01-01T00:00:10.208Z,1207692203,46223.65000000,BID,0.05903000,8815679992,8815680011,,2022-01-01-00
2022-01-01T00:00:10.208Z,1207692204,46221.91000000,BID,0.00570000,8815679983,8815680011,,2022-01-01-00
2022-01-01T00:00:10.221Z,1207692205,46221.91000000,BID,0.11174000,8815679983,8815680016,,2022-01-01-00
2022-01-01T00:00:10.375Z,1207692206,46220.94000000,BID,0.03619000,8815679986,8815680051,,2022-01-01-00
2022-01-01T00:00:10.397Z,1207692207,46219.41000000,BID,0.04403000,8815680040,8815680064,,2022-01-01-00
2022-01-01T00:00:10.4Z,1207692208,46215.78000000,BID,0.03618000,8815679968,8815680067,,2022-01-01-00
2022-01-01T00:00:10.481Z,1207692209,46212.58000000,ASK,0.02820000,8815680120,8815680094,,2022-01-01-00
2022-01-01T00:00:10.523Z,1207692210,46212.58000000,ASK,0.03633000,8815680126,8815680094,,2022-01-01-00
2022-01-01T00:00:10.9Z,1207692211,46212.57000000,BID,0.01082000,8815679872,8815680163,,2022-01-01-00
2022-01-01T00:00:10.9Z,1207692212,46212.57000000,BID,0.00482000,8815680101,8815680163,,2022-01-01-00
2022-01-01T00:00:10.979Z,1207692213,46212.58000000,ASK,0.00001000,8815680177,8815680094,,2022-01-01-00
2022-01-01T00:00:10.979Z,1207692214,46218.01000000,ASK,0.00021000,8815680177,8815680175,,2022-01-01-00
2022-01-01T00:00:10.982Z,1207692215,46212.57000000,BID,0.00155000,8815680101,8815680178,,2022-01-01-00
2022-01-01T00:00:11.082Z,1207692216,46218.23000000,BID,0.00108000,8815680194,8815680207,,2022-01-01-00
2022-01-01T00:00:11.431Z,1207692217,46219.39000000,BID,0.06348000,8815680238,8815680240,,2022-01-01-00
2022-01-01T00:00:11.431Z,1207692218,46218.23000000,BID,0.03120000,8815680194,8815680240,,2022-01-01-00
2022-01-01T00:00:11.431Z,1207692219,46218.23000000,BID,0.14711000,8815680233,8815680240,,2022-01-01-00
2022-01-01T00:00:11.49Z,1207692220,46219.40000000,ASK,0.08439000,8815680265,8815680149,,2022-01-01-00
2022-01-01T00:00:11.513Z,1207692221,46221.10000000,ASK,0.00025000,8815680274,8815680256,,2022-01-01-00
2022-01-01T00:00:12.081Z,1207692222,46221.10000000,ASK,0.01057000,8815680339,8815680256,,2022-01-01-00
2022-01-01T00:00:12.081Z,1207692223,46221.11000000,ASK,0.00093000,8815680339,8815680227,,2022-01-01-00
2022-01-01T00:00:12.081Z,1207692224,46221.57000000,ASK,0.00580000,8815680339,8815680332,,2022-01-01-00
2022-01-01T00:00:12.148Z,1207692225,46221.57000000,ASK,0.00593000,8815680354,8815680332,,2022-01-01-00
2022-01-01T00:00:12.148Z,1207692226,46223.00000000,ASK,0.00463000,8815680354,8815680252,,2022-01-01-00
2022-01-01T00:00:12.493Z,1207692227,46223.00000000,ASK,0.00747000,8815680392,8815680252,,2022-01-01-00
2022-01-01T00:00:12.497Z,1207692228,46223.00000000,ASK,0.00001000,8815680393,8815680252,,2022-01-01-00
2022-01-01T00:00:12.497Z,1207692229,46223.63000000,ASK,0.05178000,8815680393,8815680262,,2022-01-01-00
2022-01-01T00:00:12.562Z,1207692230,46223.01000000,ASK,0.00031000,8815680404,8815680398,,2022-01-01-00
2022-01-01T00:00:12.59Z,1207692231,46223.01000000,ASK,0.09692000,8815680407,8815680398,,2022-01-01-00
2022-01-01T00:00:12.711Z,1207692232,46223.01000000,ASK,0.01229000,8815680424,8815680398,,2022-01-01-00
2022-01-01T00:00:12.999Z,1207692233,46223.00000000,BID,0.01553000,8815680403,8815680450,,2022-01-01-00
2022-01-01T00:00:13.471Z,1207692234,46223.01000000,ASK,0.06322000,8815680529,8815680506,,2022-01-01-00
2022-01-01T00:00:13.573Z,1207692235,46227.21000000,ASK,0.21540000,8815680594,8815679870,,2022-01-01-00
2022-01-01T00:00:13.651Z,1207692236,46230.63000000,BID,0.00067000,8815680608,8815680640,,2022-01-01-00
2022-01-01T00:00:13.688Z,1207692237,46230.63000000,BID,0.00528000,8815680608,8815680656,,2022-01-01-00
2022-01-01T00:00:13.978Z,1207692238,46228.96000000,BID,0.08700000,8815680607,8815680731,,2022-01-01-00
2022-01-01T00:00:13.978Z,1207692239,46225.04000000,BID,0.00223000,8815680583,8815680731,,2022-01-01-00
2022-01-01T00:00:13.978Z,1207692240,46223.62000000,BID,0.06462000,8815680548,8815680731,,2022-01-01-00
2022-01-01T00:00:13.982Z,1207692241,46223.62000000,BID,0.01975000,8815680548,8815680732,,2022-01-01-00
2022-01-01T00:00:13.982Z,1207692242,46223.02000000,BID,0.00900000,8815680726,8815680732,,2022-01-01-00
2022-01-01T00:00:14.09Z,1207692243,46223.63000000,ASK,0.00648000,8815680794,8815680788,,2022-01-01-00
2022-01-01T00:00:14.109Z,1207692244,46223.62000000,BID,0.00391000,8815680755,8815680801,,2022-01-01-00
2022-01-01T00:00:14.143Z,1207692245,46223.63000000,ASK,0.05806000,8815680809,8815680788,,2022-01-01-00
2022-01-01T00:00:14.296Z,1207692246,46231.73000000,ASK,0.22609000,8815680872,8815680844,,2022-01-01-00
2022-01-01T00:00:14.334Z,1207692247,46229.34000000,ASK,0.01108000,8815680900,8815680888,,2022-01-01-00
2022-01-01T00:00:14.334Z,1207692248,46229.34000000,ASK,0.01107000,8815680900,8815680894,,2022-01-01-00
2022-01-01T00:00:14.334Z,1207692249,46229.34000000,ASK,0.07101000,8815680900,8815680898,,2022-01-01-00
2022-01-01T00:00:14.361Z,1207692250,46229.33000000,BID,0.00112000,8815680867,8815680910,,2022-01-01-00
2022-01-01T00:00:14.512Z,1207692251,46229.34000000,ASK,0.14622000,8815680927,8815680898,,2022-01-01-00
2022-01-01T00:00:14.762Z,1207692252,46229.34000000,ASK,0.15123000,8815680945,8815680898,,2022-01-01-00
2022-01-01T00:00:14.822Z,1207692253,46229.34000000,ASK,0.06242000,8815680953,8815680898,,2022-01-01-00
2022-01-01T00:00:14.928Z,1207692254,46233.21000000,BID,0.00296000,8815680963,8815680969,,2022-01-01-00
2022-01-01T00:00:14.998Z,1207692255,46233.21000000,BID,0.00465000,8815680963,8815680980,,2022-01-01-00
2022-01-01T00:00:15.163Z,1207692256,46233.23000000,ASK,0.06328000,8815681024,8815676837,,2022-01-01-00
2022-01-01T00:00:15.163Z,1207692257,46237.84000000,ASK,0.02552000,8815681024,8815681017,,2022-01-01-00
2022-01-01T00:00:15.215Z,1207692258,46237.82000000,BID,0.03279000,8815681039,8815681072,,2022-01-01-00
2022-01-01T00:00:15.215Z,1207692259,46233.43000000,BID,0.31235000,8815681048,8815681072,,2022-01-01-00
2022-01-01T00:00:15.251Z,1207692260,46237.46000000,BID,0.00107000,8815681105,8815681109,,2022-01-01-00
2022-01-01T00:00:15.251Z,1207692261,46233.43000000,BID,0.00030000,8815681094,8815681109,,2022-01-01-00
2022-01-01T00:00:15.321Z,1207692262,46233.44000000,BID,0.01082000,8815681148,8815681153,,2022-01-01-00
2022-01-01T00:00:15.321Z,1207692263,46233.43000000,BID,0.24970000,8815681094,8815681153,,2022-01-01-00
2022-01-01T00:00:15.321Z,1207692264,46233.43000000,BID,0.01828000,8815681100,8815681153,,2022-01-01-00
2022-01-01T00:00:15.33Z,1207692265,46233.44000000,BID,0.01730000,8815681155,8815681160,,2022-01-01-00
2022-01-01T00:00:15.33Z,1207692266,46229.34000000,BID,0.04810000,8815681159,8815681160,,2022-01-01-00
2022-01-01T00:00:15.33Z,1207692267,46229.33000000,BID,0.04912000,8815680954,8815681160,,2022-01-01-00
2022-01-01T00:00:15.33Z,1207692268,46229.29000000,BID,0.00108000,8815680992,8815681160,,2022-01-01-00
2022-01-01T00:00:15.33Z,1207692269,46228.96000000,BID,0.08700000,8815680847,8815681160,,2022-01-01-00
2022-01-01T00:00:15.33Z,1207692270,46224.89000000,BID,0.04445000,8815681152,8815681160,,2022-01-01-00
2022-01-01T00:00:15.336Z,1207692271,46229.34000000,BID,0.01444000,8815681161,8815681167,,2022-01-01-00
2022-01-01T00:00:15.336Z,1207692272,46225.82000000,BID,0.07267000,8815681166,8815681167,,2022-01-01-00
2022-01-01T00:00:15.336Z,1207692273,46224.89000000,BID,0.16243000,8815681152,8815681167,,2022-01-01-00
2022-01-01T00:00:15.411Z,1207692274,46233.44000000,ASK,0.00883000,8815681215,8815681191,,2022-01-01-00
2022-01-01T00:00:15.411Z,1207692275,46233.44000000,ASK,0.01058000,8815681215,8815681194,,2022-01-01-00
2022-01-01T00:00:15.419Z,1207692276,46233.43000000,BID,0.00041000,8815681206,8815681216,,2022-01-01-00
2022-01-01T00:00:15.433Z,1207692277,46233.43000000,BID,0.02272000,8815681206,8815681223,,2022-01-01-00
2022-01-01T00:00:15.439Z,1207692278,46233.44000000,ASK,0.07487000,8815681224,8815681194,,2022-01-01-00
2022-01-01T00:00:15.439Z,1207692279,46237.47000000,ASK,0.01940000,8815681224,8815681121,,2022-01-01-00
2022-01-01T00:00:15.536Z,1207692280,46233.75000000,ASK,0.00380000,8815681270,8815681260,,2022-01-01-00
2022-01-01T00:00:15.642Z,1207692281,46233.75000000,ASK,0.01350000,8815681290,8815681260,,2022-01-01-00
2022-01-01T00:00:15.661Z,1207692282,46238.38000000,ASK,0.00043000,8815681298,8815681261,,2022-01-01-00
2022-01-01T00:00:15.704Z,1207692283,46234.84000000,BID,0.00589000,8815681312,8815681318,,2022-01-01-00
2022-01-01T00:00:15.865Z,1207692284,46233.76000000,ASK,0.01730000,8815681347,8815681335,,2022-01-01-00
2022-01-01T00:00:15.875Z,1207692285,46233.76000000,BID,0.04484000,8815681351,8815681353,,2022-01-01-00
2022-01-01T00:00:15.919Z,1207692286,46238.26000000,ASK,0.01729000,8815681367,8815681363,,2022-01-01-00
2022-01-01T00:00:15.978Z,1207692287,46238.26000000,ASK,0.01303000,8815681374,8815681363,,2022-01-01-00
2022-01-01T00:00:15.997Z,1207692288,46236.07000000,BID,0.07509000,8815681359,8815681376,,2022-01-01-00
2022-01-01T00:00:16.136Z,1207692289,46234.82000000,BID,0.00797000,8815681369,8815681402,,2022-01-01-00
2022-01-01T00:00:16.136Z,1207692290,46234.59000000,BID,0.01910000,8815681388,8815681402,,2022-01-01-00
2022-01-01T00:00:16.137Z,1207692291,46234.59000000,BID,0.01832000,8815681388,8815681403,,2022-01-01-00
2022-01-01T00:00:16.417Z,1207692292,46236.40000000,ASK,0.03281000,8815681468,8815681438,,2022-01-01-00
2022-01-01T00:00:16.546Z,1207692293,46238.42000000,BID,0.00833000,8815681495,8815681512,,2022-01-01-00
2022-01-01T00:00:16.639Z,1207692294,46238.42000000,BID,0.02000000,8815681495,8815681523,,2022-01-01-00
2022-01-01T00:00:16.706Z,1207692295,46238.42000000,BID,0.00244000,8815681495,8815681531,,2022-01-01-00
2022-01-01T00:00:16.75Z,1207692296,46238.43000000,ASK,0.01279000,8815681535,8815667325,,2022-01-01-00
2022-01-01T00:00:16.845Z,1207692297,46236.74000000,ASK,0.00916000,8815681545,8815681544,,2022-01-01-00
2022-01-01T00:00:16.897Z,1207692298,46238.43000000,ASK,0.04099000,8815681558,8815667325,,2022-01-01-00
2022-01-01T00:00:16.914Z,1207692299,46238.43000000,ASK,0.01132000,8815681561,8815667325,,2022-01-01-00
2022-01-01T00:00:16.914Z,1207692300,46238.60000000,ASK,0.00216000,8815681561,8815679907,,2022-01-01-00
2022-01-01T00:00:16.914Z,1207692301,46238.98000000,ASK,0.01453000,8815681561,8815672077,,2022-01-01-00
2022-01-01T00:00:16.965Z,1207692302,46238.98000000,ASK,0.01747000,8815681577,8815672077,,2022-01-01-00
2022-01-01T00:00:17.174Z,1207692303,46241.26000000,ASK,0.01626000,8815681642,8815675836,,2022-01-01-00
2022-01-01T00:00:17.205Z,1207692304,46242.22000000,BID,0.00207000,8815681648,8815681659,,2022-01-01-00
2022-01-01T00:00:17.353Z,1207692305,46242.23000000,ASK,0.00216000,8815681675,8815673606,,2022-01-01-00
2022-01-01T00:00:17.601Z,1207692306,46242.23000000,ASK,0.00421000,8815681691,8815673606,,2022-01-01-00
2022-01-01T00:00:17.745Z,1207692307,46242.23000000,ASK,0.00041000,8815681718,8815681692,,2022-01-01-00
2022-01-01T00:00:17.815Z,1207692308,46242.23000000,ASK,0.00001000,8815681732,8815681692,,2022-01-01-00
2022-01-01T00:00:17.815Z,1207692309,46242.23000000,ASK,0.00041000,8815681732,8815681694,,2022-01-01-00
2022-01-01T00:00:18.073Z,1207692310,46242.22000000,BID,0.00430000,8815681649,8815681760,,2022-01-01-00
2022-01-01T00:00:18.529Z,1207692311,46242.23000000,ASK,0.00001000,8815681827,8815681694,,2022-01-01-00
2022-01-01T00:00:18.529Z,1207692312,46242.23000000,ASK,0.03999000,8815681827,8815681768,,2022-01-01-00
2022-01-01T00:00:18.531Z,1207692313,46242.23000000,ASK,0.09000000,8815681828,8815681768,,2022-01-01-00
2022-01-01T00:00:18.531Z,1207692314,46242.23000000,ASK,0.01000000,8815681829,8815681768,,2022-01-01-00
2022-01-01T00:00:18.533Z,1207692315,46242.23000000,ASK,0.03000000,8815681830,8815681768,,2022-01-01-00
2022-01-01T00:00:18.543Z,1207692316,46242.23000000,ASK,0.12090000,8815681832,8815681768,,2022-01-01-00
2022-01-01T00:00:18.571Z,1207692317,46245.63000000,ASK,0.02162000,8815681844,8815681746,,2022-01-01-00
2022-01-01T00:00:18.573Z,1207692318,46245.62000000,BID,0.00138000,8815681835,8815681848,,2022-01-01-00
2022-01-01T00:00:18.575Z,1207692319,46245.63000000,ASK,0.04382000,8815681850,8815681746,,2022-01-01-00
2022-01-01T00:00:18.605Z,1207692320,46245.80000000,ASK,0.02000000,8815681876,8815679170,,2022-01-01-00
2022-01-01T00:00:18.607Z,1207692321,46245.80000000,ASK,0.06618000,8815681878,8815679170,,2022-01-01-00
2022-01-01T00:00:18.646Z,1207692322,46245.80000000,ASK,0.00151000,8815681904,8815679170,,2022-01-01-00
2022-01-01T00:00:18.663Z,1207692323,46245.80000000,ASK,0.07720000,8815681909,8815679170,,2022-01-01-00
2022-01-01T00:00:18.7Z,1207692324,46245.79000000,BID,0.02665000,8815681862,8815681920,,2022-01-01-00
2022-01-01T00:00:18.826Z,1207692325,46248.11000000,BID,0.02316000,8815681928,8815681975,,2022-01-01-00
2022-01-01T00:00:18.827Z,1207692326,46248.12000000,ASK,0.00189000,8815681977,8815673546,,2022-01-01-00
2022-01-01T00:00:18.999Z,1207692327,46248.11000000,BID,0.02015000,8815681928,8815682030,,2022-01-01-00
2022-01-01T00:00:19.077Z,1207692328,46248.12000000,ASK,0.00001000,8815682056,8815673546,,2022-01-01-00
2022-01-01T00:00:19.077Z,1207692329,46248.12000000,ASK,0.01368000,8815682056,8815682021,,2022-01-01-00
2022-01-01T00:00:19.077Z,1207692330,46248.14000000,ASK,0.00631000,8815682056,8815682023,,2022-01-01-00
2022-01-01T00:00:19.116Z,1207692331,46248.14000000,ASK,0.00737000,8815682079,8815682023,,2022-01-01-00
2022-01-01T00:00:19.116Z,1207692332,46248.16000000,ASK,0.00853000,8815682079,8815682025,,2022-01-01-00
2022-01-01T00:00:19.135Z,1207692333,46248.16000000,ASK,0.00515000,8815682088,8815682025,,2022-01-01-00
2022-01-01T00:00:19.135Z,1207692334,46248.34000000,ASK,0.00216000,8815682088,8815663974,,2022-01-01-00
2022-01-01T00:00:19.135Z,1207692335,46248.91000000,ASK,0.02400000,8815682088,8815681922,,2022-01-01-00
2022-01-01T00:00:19.135Z,1207692336,46252.75000000,ASK,0.01195000,8815682088,8815682051,,2022-01-01-00
2022-01-01T00:00:19.205Z,1207692337,46252.74000000,BID,0.06762000,8815682091,8815682134,,2022-01-01-00
2022-01-01T00:00:19.325Z,1207692338,46252.75000000,ASK,0.00241000,8815682176,8815682051,,2022-01-01-00
2022-01-01T00:00:19.383Z,1207692339,46252.74000000,BID,0.04288000,8815682091,8815682195,,2022-01-01-00
2022-01-01T00:00:19.44Z,1207692340,46252.79000000,ASK,0.00045000,8815682219,8815682193,,2022-01-01-00
2022-01-01T00:00:19.469Z,1207692341,46252.78000000,BID,0.00205000,8815682199,8815682224,,2022-01-01-00
2022-01-01T00:00:19.526Z,1207692342,46252.78000000,BID,0.00054000,8815682199,8815682232,,2022-01-01-00
2022-01-01T00:00:19.625Z,1207692343,46252.79000000,ASK,0.00048000,8815682250,8815682193,,2022-01-01-00
2022-01-01T00:00:19.628Z,1207692344,46252.79000000,ASK,0.00001000,8815682251,8815682193,,2022-01-01-00
2022-01-01T00:00:19.628Z,1207692345,46252.79000000,ASK,0.00048000,8815682251,8815682248,,2022-01-01-00
2022-01-01T00:00:19.727Z,1207692346,46255.29000000,BID,0.01100000,8815682257,8815682269,,2022-01-01-00
2022-01-01T00:00:19.761Z,1207692347,46255.30000000,ASK,0.00021000,8815682272,8815682260,,2022-01-01-00
2022-01-01T00:00:19.836Z,1207692348,46256.58000000,BID,0.02180000,8815682284,8815682290,,2022-01-01-00
2022-01-01T00:00:19.836Z,1207692349,46256.58000000,BID,0.01090000,8815682286,8815682290,,2022-01-01-00
2022-01-01T00:00:19.869Z,1207692350,46256.59000000,ASK,0.01081000,8815682294,8815682258,,2022-01-01-00
2022-01-01T00:00:19.876Z,1207692351,46256.80000000,ASK,0.00325000,8815682300,8815679978,,2022-01-01-00
2022-01-01T00:00:19.876Z,1207692352,46257.42000000,ASK,0.00941000,8815682300,8815672330,,2022-01-01-00
2022-01-01T00:00:19.928Z,1207692353,46256.60000000,ASK,0.08607000,8815682309,8815682301,,2022-01-01-00
2022-01-01T00:00:19.936Z,1207692354,46256.59000000,BID,0.00099000,8815682294,8815682311,,2022-01-01-00
2022-01-01T00:00:20.038Z,1207692355,46256.60000000,ASK,0.00024000,8815682331,8815682301,,2022-01-01-00
2022-01-01T00:00:20.164Z,1207692356,46257.41000000,BID,0.00197000,8815682335,8815682365,,2022-01-01-00
2022-01-01T00:00:20.259Z,1207692357,46257.41000000,BID,0.00075000,8815682335,8815682389,,2022-01-01-00
2022-01-01T00:00:20.313Z,1207692358,46257.41000000,BID,0.00241000,8815682335,8815682401,,2022-01-01-00
2022-01-01T00:00:20.35Z,1207692359,46257.41000000,BID,0.03568000,8815682335,8815682407,,2022-01-01-00
2022-01-01T00:00:20.35Z,1207692360,46257.41000000,BID,0.21125000,8815682337,8815682407,,2022-01-01-00
2022-01-01T00:00:20.35Z,1207692361,46257.41000000,BID,0.01227000,8815682338,8815682407,,2022-01-01-00
2022-01-01T00:00:20.35Z,1207692362,46257.41000000,BID,0.05732000,8815682340,8815682407,,2022-01-01-00
2022-01-01T00:00:20.365Z,1207692363,46257.42000000,ASK,0.02189000,8815682411,8815672330,,2022-01-01-00
2022-01-01T00:00:20.367Z,1207692364,46257.42000000,ASK,0.00021000,8815682415,8815672330,,2022-01-01-00
2022-01-01T00:00:20.435Z,1207692365,46257.42000000,ASK,0.00049000,8815682429,8815672330,,2022-01-01-00
2022-01-01T00:00:20.435Z,1207692366,46257.93000000,ASK,0.00012000,8815682429,8815671706,,2022-01-01-00
2022-01-01T00:00:20.437Z,1207692367,46257.41000000,BID,0.00082000,8815682340,8815682430,,2022-01-01-00
2022-01-01T00:00:20.449Z,1207692368,46257.92000000,BID,0.15939000,8815682432,8815682438,,2022-01-01-00
2022-01-01T00:00:20.449Z,1207692369,46257.92000000,BID,0.19117000,8815682434,8815682438,,2022-01-01-00
2022-01-01T00:00:20.528Z,1207692370,46257.92000000,BID,0.00432000,8815682434,8815682455,,2022-01-01-00
2022-01-01T00:00:20.762Z,1207692371,46257.92000000,BID,0.00039000,8815682436,8815682478,,2022-01-01-00
2022-01-01T00:00:20.791Z,1207692372,46257.92000000,BID,0.00430000,8815682436,8815682489,,2022-01-01-00
2022-01-01T00:00:20.856Z,1207692373,46257.93000000,ASK,0.00056000,8815682500,8815671706,,2022-01-01-00
2022-01-01T00:00:20.976Z,1207692374,46257.93000000,ASK,0.00148000,8815682522,8815671706,,2022-01-01-00
2022-01-01T00:00:20.976Z,1207692375,46259.41000000,ASK,0.00068000,8815682522,8815682325,,2022-01-01-00
2022-01-01T00:00:21.081Z,1207692376,46259.40000000,BID,0.01100000,8815682523,8815682541,,2022-01-01-00
2022-01-01T00:00:21.415Z,1207692377,46259.41000000,ASK,0.00038000,8815682560,8815682325,,2022-01-01-00
2022-01-01T00:00:22.025Z,1207692378,46259.40000000,BID,0.00076000,8815682525,8815682604,,2022-01-01-00
2022-01-01T00:00:22.084Z,1207692379,46259.40000000,BID,0.01952000,8815682527,8815682617,,2022-01-01-00
2022-01-01T00:00:22.086Z,1207692380,46259.40000000,BID,0.05000000,8815682527,8815682620,,2022-01-01-00
2022-01-01T00:00:22.089Z,1207692381,46259.40000000,BID,0.01000000,8815682567,8815682621,,2022-01-01-00
2022-01-01T00:00:22.146Z,1207692382,46259.41000000,ASK,0.00599000,8815682627,8815682563,,2022-01-01-00
2022-01-01T00:00:22.234Z,1207692383,46259.41000000,ASK,0.00599000,8815682634,8815682563,,2022-01-01-00
2022-01-01T00:00:22.266Z,1207692384,46259.40000000,BID,0.00036000,8815682567,8815682636,,2022-01-01-00
2022-01-01T00:00:22.4Z,1207692385,46259.41000000,ASK,0.01386000,8815682651,8815682563,,2022-01-01-00
2022-01-01T00:00:22.516Z,1207692386,46259.40000000,BID,0.02216000,8815682567,8815682656,,2022-01-01-00
2022-01-01T00:00:22.65Z,1207692387,46259.40000000,BID,0.00193000,8815682567,8815682676,,2022-01-01-00
2022-01-01T00:00:22.735Z,1207692388,46257.46000000,ASK,0.01730000,8815682694,8815682689,,2022-01-01-00
2022-01-01T00:00:22.768Z,1207692389,46257.45000000,BID,0.01080000,8815682688,8815682699,,2022-01-01-00
2022-01-01T00:00:22.768Z,1207692390,46257.45000000,BID,0.00045000,8815682691,8815682699,,2022-01-01-00
2022-01-01T00:00:22.858Z,1207692391,46257.46000000,ASK,0.01610000,8815682718,8815682689,,2022-01-01-00
2022-01-01T00:00:22.936Z,1207692392,46257.46000000,ASK,0.00695000,8815682726,8815682689,,2022-01-01-00
2022-01-01T00:00:22.997Z,1207692393,46257.46000000,ASK,0.00290000,8815682736,8815682689,,2022-01-01-00
2022-01-01T00:00:23.058Z,1207692394,46257.46000000,ASK,0.00404000,8815682740,8815682689,,2022-01-01-00
2022-01-01T00:00:23.152Z,1207692395,46257.45000000,BID,0.00883000,8815682691,8815682753,,2022-01-01-00
2022-01-01T00:00:23.261Z,1207692396,46257.46000000,ASK,0.00024000,8815682757,8815682689,,2022-01-01-00
2022-01-01T00:00:23.428Z,1207692397,46257.45000000,BID,0.00253000,8815682691,8815682787,,2022-01-01-00
2022-01-01T00:00:23.428Z,1207692398,46257.45000000,BID,0.00627000,8815682701,8815682787,,2022-01-01-00
2022-01-01T00:00:23.504Z,1207692399,46257.45000000,BID,0.00104000,8815682701,8815682801,,2022-01-01-00
2022-01-01T00:00:23.723Z,1207692400,46257.45000000,BID,0.00036000,8815682701,8815682834,,2022-01-01-00
2022-01-01T00:00:23.723Z,1207692401,46257.45000000,BID,0.00511000,8815682727,8815682834,,2022-01-01-00
2022-01-01T00:00:23.727Z,1207692402,46257.46000000,ASK,0.01035000,8815682836,8815682689,,2022-01-01-00
2022-01-01T00:00:23.845Z,1207692403,46257.46000000,ASK,0.00077000,8815682855,8815682689,,2022-01-01-00
2022-01-01T00:00:24.646Z,1207692404,46257.46000000,ASK,0.00692000,8815682932,8815682689,,2022-01-01-00
2022-01-01T00:00:24.646Z,1207692405,46257.46000000,ASK,0.01469000,8815682932,8815682887,,2022-01-01-00
2022-01-01T00:00:24.679Z,1207692406,46257.46000000,ASK,0.00822000,8815682936,8815682887,,2022-01-01-00
2022-01-01T00:00:24.809Z,1207692407,46257.46000000,ASK,0.00064000,8815682940,8815682934,,2022-01-01-00
2022-01-01T00:00:24.809Z,1207692408,46259.41000000,ASK,0.00896000,8815682940,8815682563,,2022-01-01-00
2022-01-01T00:00:24.809Z,1207692409,46260.49000000,ASK,0.01173000,8815682940,8815682739,,2022-01-01-00
2022-01-01T00:00:24.809Z,1207692410,46260.49000000,ASK,0.00935000,8815682940,8815682909,,2022-01-01-00
2022-01-01T00:00:24.841Z,1207692411,46261.71000000,BID,0.01402000,8815682954,8815682959,,2022-01-01-00
2022-01-01T00:00:25.175Z,1207692412,46258.52000000,ASK,0.00066000,8815683012,8815682993,,2022-01-01-00
2022-01-01T00:00:25.469Z,1207692413,46258.51000000,BID,0.21863000,8815683007,8815683056,,2022-01-01-00
2022-01-01T00:00:25.469Z,1207692414,46258.51000000,BID,0.08291000,8815683010,8815683056,,2022-01-01-00
2022-01-01T00:00:25.721Z,1207692415,46258.51000000,BID,0.00075000,8815683010,8815683080,,2022-01-01-00
2022-01-01T00:00:25.798Z,1207692416,46258.51000000,BID,0.04793000,8815683010,8815683084,,2022-01-01-00
2022-01-01T00:00:25.798Z,1207692417,46258.52000000,ASK,0.00087000,8815683085,8815683001,,2022-01-01-00
2022-01-01T00:00:25.901Z,1207692418,46258.51000000,BID,0.00795000,8815683010,8815683097,,2022-01-01-00
2022-01-01T00:00:25.901Z,1207692419,46258.51000000,BID,0.17795000,8815683061,8815683097,,2022-01-01-00
2022-01-01T00:00:25.901Z,1207692420,46258.51000000,BID,0.03600000,8815683067,8815683097,,2022-01-01-00
2022-01-01T00:00:25.91Z,1207692421,46258.03000000,BID,0.01080000,8815683003,8815683099,,2022-01-01-00
2022-01-01T00:00:25.924Z,1207692422,46257.28000000,BID,0.01173000,8815682738,8815683120,,2022-01-01-00
2022-01-01T00:00:25.939Z,1207692423,46255.20000000,BID,0.13571000,8815683058,8815683133,,2022-01-01-00
2022-01-01T00:00:25.956Z,1207692424,46255.20000000,BID,0.05189000,8815683141,8815683149,,2022-01-01-00
2022-01-01T00:00:25.956Z,1207692425,46255.20000000,BID,0.17296000,8815683142,8815683149,,2022-01-01-00
2022-01-01T00:00:25.956Z,1207692426,46255.20000000,BID,0.05827000,8815683143,8815683149,,2022-01-01-00
2022-01-01T00:00:25.956Z,1207692427,46255.19000000,BID,0.00364000,8815683145,8815683149,,2022-01-01-00
2022-01-01T00:00:25.956Z,1207692428,46255.18000000,BID,0.21208000,8815682914,8815683149,,2022-01-01-00
2022-01-01T00:00:25.967Z,1207692429,46255.18000000,BID,0.26367000,8815682914,8815683157,,2022-01-01-00
2022-01-01T00:00:25.967Z,1207692430,46255.18000000,BID,0.02309000,8815682933,8815683157,,2022-01-01-00
2022-01-01T00:00:26.046Z,1207692431,46250.97000000,BID,0.10805000,8815682514,8815683237,,2022-01-01-00
2022-01-01T00:00:26.047Z,1207692432,46250.81000000,BID,0.01173000,8815683213,8815683239,,2022-01-01-00
2022-01-01T00:00:26.063Z,1207692433,46249.74000000,ASK,0.00695000,8815683260,8815683244,,2022-01-01-00
2022-01-01T00:00:26.076Z,1207692434,46248.16000000,BID,0.10000000,8815682256,8815683269,,2022-01-01-00
2022-01-01T00:00:26.078Z,1207692435,46248.16000000,BID,0.01086000,8815683274,8815683276,,2022-01-01-00
2022-01-01T00:00:26.078Z,1207692436,46248.16000000,BID,0.03616000,8815683275,8815683276,,2022-01-01-00
2022-01-01T00:00:26.124Z,1207692437,46246.02000000,ASK,0.00057000,8815683319,8815683298,,2022-01-01-00
2022-01-01T00:00:26.211Z,1207692438,46246.02000000,ASK,0.00332000,8815683374,8815683298,,2022-01-01-00
2022-01-01T00:00:26.347Z,1207692439,46246.02000000,ASK,0.00695000,8815683410,8815683298,,2022-01-01-00
2022-01-01T00:00:26.741Z,1207692440,46251.50000000,ASK,0.00430000,8815683538,8815683488,,2022-01-01-00
2022-01-01T00:00:26.813Z,1207692441,46249.80000000,ASK,0.01740000,8815683575,8815683574,,2022-01-01-00
2022-01-01T00:00:26.837Z,1207692442,46249.11000000,ASK,0.08700000,8815683584,8815683579,,2022-01-01-00
2022-01-01T00:00:26.837Z,1207692443,46249.11000000,ASK,0.41300000,8815683584,8815683583,,2022-01-01-00
2022-01-01T00:00:26.842Z,1207692444,46249.11000000,ASK,0.00667000,8815683585,8815683583,,2022-01-01-00
2022-01-01T00:00:26.852Z,1207692445,46242.05000000,BID,0.00243000,8815683587,8815683590,,2022-01-01-00
2022-01-01T00:00:26.928Z,1207692446,46251.48000000,BID,0.00164000,8815683613,8815683635,,2022-01-01-00
2022-01-01T00:00:27.652Z,1207692447,46254.01000000,BID,0.00766000,8815683832,8815683870,,2022-01-01-00
2022-01-01T00:00:27.89Z,1207692448,46254.02000000,ASK,0.01173000,8815683900,8815683223,,2022-01-01-00
2022-01-01T00:00:27.89Z,1207692449,46257.91000000,ASK,0.00752000,8815683900,8815683813,,2022-01-01-00
2022-01-01T00:00:27.997Z,1207692450,46257.91000000,ASK,0.00872000,8815683927,8815683908,,2022-01-01-00
2022-01-01T00:00:28.03Z,1207692451,46257.90000000,BID,0.00421000,8815683901,8815683930,,2022-01-01-00
2022-01-01T00:00:28.74Z,1207692452,46257.90000000,BID,0.00037000,8815683901,8815684038,,2022-01-01-00
2022-01-01T00:00:28.909Z,1207692453,46257.91000000,ASK,0.00636000,8815684062,8815683963,,2022-01-01-00
2022-01-01T00:00:28.979Z,1207692454,46257.91000000,ASK,0.00053000,8815684073,8815683963,,2022-01-01-00
2022-01-01T00:00:29.188Z,1207692455,46257.90000000,BID,0.00361000,8815683901,8815684114,,2022-01-01-00
2022-01-01T00:00:29.427Z,1207692456,46257.90000000,BID,0.01298000,8815683901,8815684142,,2022-01-01-00
2022-01-01T00:00:29.448Z,1207692457,46257.91000000,ASK,0.27052000,8815684145,8815683963,,2022-01-01-00
2022-01-01T00:00:29.572Z,1207692458,46257.92000000,ASK,0.00429000,8815684164,8815683549,,2022-01-01-00
2022-01-01T00:00:29.968Z,1207692459,46257.92000000,ASK,0.00901000,8815684201,8815683549,,2022-01-01-00
2022-01-01T00:00:29.998Z,1207692460,46257.92000000,ASK,0.00004000,8815684206,8815683549,,2022-01-01-00
2022-01-01T00:00:29.998Z,1207692461,46258.37000000,ASK,0.00762000,8815684206,8815684205,,2022-01-01-00
2022-01-01T00:00:30.502Z,1207692462,46258.52000000,BID,0.00043000,8815684288,8815684323,,2022-01-01-00
2022-01-01T00:00:30.545Z,1207692463,46258.53000000,ASK,0.00116000,8815684325,8815683075,,2022-01-01-00
2022-01-01T00:00:30.577Z,1207692464,46258.53000000,ASK,0.01520000,8815684327,8815683075,,2022-01-01-00
2022-01-01T00:00:30.685Z,1207692465,46258.52000000,BID,0.00797000,8815684289,8815684344,,2022-01-01-00
2022-01-01T00:00:30.685Z,1207692466,46258.52000000,BID,0.00795000,8815684293,8815684344,,2022-01-01-00
2022-01-01T00:00:30.685Z,1207692467,46258.52000000,BID,0.06140000,8815684294,8815684344,,2022-01-01-00
2022-01-01T00:00:30.685Z,1207692468,46258.52000000,BID,0.06684000,8815684330,8815684344,,2022-01-01-00
2022-01-01T00:00:30.685Z,1207692469,46258.52000000,BID,0.10668000,8815684341,8815684344,,2022-01-01-00
2022-01-01T00:00:30.765Z,1207692470,46255.65000000,ASK,0.00126000,8815684355,8815684345,,2022-01-01-00
2022-01-01T00:00:30.83Z,1207692471,46255.65000000,ASK,0.00063000,8815684362,8815684345,,2022-01-01-00
2022-01-01T00:00:30.968Z,1207692472,46255.65000000,ASK,0.00508000,8815684376,8815684345,,2022-01-01-00
2022-01-01T00:00:31.119Z,1207692473,46255.65000000,ASK,0.00531000,8815684385,8815684345,,2022-01-01-00
2022-01-01T00:00:31.217Z,1207692474,46252.80000000,ASK,0.01594000,8815684415,8815684394,,2022-01-01-00
2022-01-01T00:00:31.411Z,1207692475,46252.80000000,ASK,0.05584000,8815684444,8815684394,,2022-01-01-00
2022-01-01T00:00:31.455Z,1207692476,46252.80000000,ASK,0.05113000,8815684452,8815684394,,2022-01-01-00
2022-01-01T00:00:31.474Z,1207692477,46252.79000000,BID,0.00082000,8815684280,8815684455,,2022-01-01-00
2022-01-01T00:00:31.474Z,1207692478,46251.79000000,BID,0.00646000,8815684453,8815684455,,2022-01-01-00
2022-01-01T00:00:31.517Z,1207692479,46252.80000000,ASK,0.01980000,8815684460,8815684394,,2022-01-01-00
2022-01-01T00:00:31.637Z,1207692480,46252.80000000,ASK,0.01347000,8815684473,8815684394,,2022-01-01-00
2022-01-01T00:00:31.833Z,1207692481,46257.91000000,ASK,0.00756000,8815684519,8815684344,,2022-01-01-00
2022-01-01T00:00:32.907Z,1207692482,46257.91000000,ASK,0.00064000,8815684614,8815684344,,2022-01-01-00
2022-01-01T00:00:32.932Z,1207692483,46257.91000000,ASK,0.00495000,8815684616,8815684344,,2022-01-01-00
2022-01-01T00:00:33.085Z,1207692484,46257.90000000,BID,0.00852000,8815684537,8815684630,,2022-01-01-00
2022-01-01T00:00:33.161Z,1207692485,46257.91000000,ASK,0.00153000,8815684633,8815684344,,2022-01-01-00
2022-01-01T00:00:33.375Z,1207692486,46257.90000000,BID,0.00159000,8815684537,8815684641,,2022-01-01-00
2022-01-01T00:00:33.446Z,1207692487,46257.91000000,ASK,0.03814000,8815684643,8815684344,,2022-01-01-00
2022-01-01T00:00:33.573Z,1207692488,46257.91000000,ASK,0.00051000,8815684658,8815684344,,2022-01-01-00
2022-01-01T00:00:33.75Z,1207692489,46257.91000000,ASK,0.00064000,8815684673,8815684344,,2022-01-01-00
2022-01-01T00:00:33.937Z,1207692490,46257.90000000,BID,0.04447000,8815684561,8815684743,,2022-01-01-00
2022-01-01T00:00:34.004Z,1207692491,46255.66000000,ASK,0.00567000,8815684772,8815684746,,2022-01-01-00
2022-01-01T00:00:34.885Z,1207692492,46255.66000000,ASK,0.00045000,8815684854,8815684747,,2022-01-01-00
2022-01-01T00:00:34.965Z,1207692493,46255.66000000,ASK,0.00585000,8815684859,8815684747,,2022-01-01-00
2022-01-01T00:00:34.985Z,1207692494,46255.66000000,ASK,0.00788000,8815684860,8815684747,,2022-01-01-00
2022-01-01T00:00:35.288Z,1207692495,46255.65000000,BID,0.01817000,8815684651,8815684876,,2022-01-01-00
2022-01-01T00:00:35.343Z,1207692496,46255.65000000,BID,0.05721000,8815684651,8815684877,,2022-01-01-00
2022-01-01T00:00:35.548Z,1207692497,46255.65000000,BID,0.01278000,8815684651,8815684891,,2022-01-01-00
2022-01-01T00:00:35.663Z,1207692498,46255.66000000,ASK,0.00235000,8815684903,8815684747,,2022-01-01-00
2022-01-01T00:00:35.745Z,1207692499,46255.66000000,ASK,0.01156000,8815684913,8815684747,,2022-01-01-00
2022-01-01T00:00:35.955Z,1207692500,46255.66000000,ASK,0.03123000,8815684944,8815684747,,2022-01-01-00
2022-01-01T00:00:35.955Z,1207692501,46257.91000000,ASK,0.02994000,8815684944,8815684344,,2022-01-01-00
2022-01-01T00:00:35.955Z,1207692502,46257.91000000,ASK,0.00423000,8815684944,8815684556,,2022-01-01-00
2022-01-01T00:00:35.955Z,1207692503,46260.83000000,ASK,0.03867000,8815684944,8815684940,,2022-01-01-00
2022-01-01T00:00:35.955Z,1207692504,46260.84000000,ASK,0.02244000,8815684944,8815684916,,2022-01-01-00
2022-01-01T00:00:36.073Z,1207692505,46261.71000000,BID,0.00184000,8815684962,8815685022,,2022-01-01-00
2022-01-01T00:00:36.131Z,1207692506,46261.72000000,ASK,0.00206000,8815685062,8815681709,,2022-01-01-00
2022-01-01T00:00:36.148Z,1207692507,46261.71000000,BID,0.05952000,8815684962,8815685067,,2022-01-01-00
2022-01-01T00:00:36.148Z,1207692508,46261.71000000,BID,0.01729000,8815684970,8815685067,,2022-01-01-00
2022-01-01T00:00:36.148Z,1207692509,46261.71000000,BID,0.01222000,8815684973,8815685067,,2022-01-01-00
2022-01-01T00:00:36.815Z,1207692510,46261.71000000,BID,0.00236000,8815684973,8815685201,,2022-01-01-00
2022-01-01T00:00:36.915Z,1207692511,46261.72000000,ASK,0.00010000,8815685215,8815681709,,2022-01-01-00
2022-01-01T00:00:36.915Z,1207692512,46261.72000000,ASK,0.01231000,8815685215,8815685204,,2022-01-01-00
2022-01-01T00:00:36.965Z,1207692513,46261.72000000,ASK,0.00219000,8815685216,8815685204,,2022-01-01-00
2022-01-01T00:00:36.98Z,1207692514,46261.72000000,ASK,0.00094000,8815685222,8815685204,,2022-01-01-00
2022-01-01T00:00:37.067Z,1207692515,46261.72000000,ASK,0.01046000,8815685228,8815685204,,2022-01-01-00
2022-01-01T00:00:37.112Z,1207692516,46261.72000000,ASK,0.00677000,8815685232,8815685204,,2022-01-01-00
2022-01-01T00:00:37.178Z,1207692517,46261.72000000,ASK,0.05410000,8815685235,8815685204,,2022-01-01-00
2022-01-01T00:00:37.246Z,1207692518,46261.71000000,BID,0.00087000,8815684973,8815685241,,2022-01-01-00
2022-01-01T00:00:37.352Z,1207692519,46261.72000000,ASK,0.00790000,8815685246,8815685204,,2022-01-01-00
2022-01-01T00:00:37.472Z,1207692520,46261.72000000,ASK,0.00038000,8815685262,8815685204,,2022-01-01-00
2022-01-01T00:00:37.585Z,1207692521,46261.72000000,ASK,0.00251000,8815685271,8815685204,,2022-01-01-00
2022-01-01T00:00:37.609Z,1207692522,46261.72000000,ASK,0.05548000,8815685273,8815685204,,2022-01-01-00
2022-01-01T00:00:37.717Z,1207692523,46261.72000000,ASK,0.00324000,8815685280,8815685204,,2022-01-01-00
2022-01-01T00:00:37.82Z,1207692524,46261.72000000,ASK,0.00178000,8815685286,8815685204,,2022-01-01-00
2022-01-01T00:00:37.881Z,1207692525,46261.72000000,ASK,0.00050000,8815685291,8815685204,,2022-01-01-00
2022-01-01T00:00:37.937Z,1207692526,46261.72000000,ASK,0.00050000,8815685296,8815685204,,2022-01-01-00
2022-01-01T00:00:37.991Z,1207692527,46261.72000000,ASK,0.27183000,8815685297,8815685204,,2022-01-01-00
2022-01-01T00:00:38.097Z,1207692528,46263.30000000,BID,0.43411000,8815685298,8815685333,,2022-01-01-00
2022-01-01T00:00:38.097Z,1207692529,46263.30000000,BID,0.09014000,8815685299,8815685333,,2022-01-01-00
2022-01-01T00:00:38.097Z,1207692530,46263.30000000,BID,0.14008000,8815685300,8815685333,,2022-01-01-00
2022-01-01T00:00:38.097Z,1207692531,46263.30000000,BID,0.25000000,8815685303,8815685333,,2022-01-01-00
2022-01-01T00:00:38.097Z,1207692532,46263.30000000,BID,0.14006000,8815685304,8815685333,,2022-01-01-00
2022-01-01T00:00:38.097Z,1207692533,46263.30000000,BID,0.21549000,8815685305,8815685333,,2022-01-01-00
2022-01-01T00:00:38.124Z,1207692534,46263.31000000,ASK,0.00499000,8815685340,8815677510,,2022-01-01-00
2022-01-01T00:00:38.2Z,1207692535,46263.31000000,ASK,0.00001000,8815685353,8815677510,,2022-01-01-00
2022-01-01T00:00:38.2Z,1207692536,46263.31000000,ASK,0.00363000,8815685353,8815685337,,2022-01-01-00
2022-01-01T00:00:38.346Z,1207692537,46263.31000000,ASK,0.01726000,8815685363,8815685337,,2022-01-01-00
2022-01-01T00:00:38.352Z,1207692538,46263.31000000,ASK,0.00245000,8815685365,8815685337,,2022-01-01-00
2022-01-01T00:00:38.668Z,1207692539,46263.30000000,BID,0.00081000,8815685305,8815685399,,2022-01-01-00
2022-01-01T00:00:38.713Z,1207692540,46263.31000000,ASK,0.00148000,8815685402,8815685337,,2022-01-01-00
2022-01-01T00:00:38.738Z,1207692541,46263.31000000,ASK,0.00439000,8815685404,8815685337,,2022-01-01-00
2022-01-01T00:00:39.005Z,1207692542,46263.31000000,ASK,0.01013000,8815685432,8815685337,,2022-01-01-00
2022-01-01T00:00:39.148Z,1207692543,46263.31000000,ASK,0.00464000,8815685449,8815685337,,2022-01-01-00
2022-01-01T00:00:39.457Z,1207692544,46263.31000000,ASK,0.00203000,8815685475,8815685337,,2022-01-01-00
2022-01-01T00:00:39.475Z,1207692545,46263.30000000,BID,0.00206000,8815685305,8815685480,,2022-01-01-00
2022-01-01T00:00:39.69Z,1207692546,46264.74000000,ASK,0.01173000,8815685499,8815684992,,2022-01-01-00
2022-01-01T00:00:39.69Z,1207692547,46265.99000000,ASK,0.00050000,8815685499,8815679203,,2022-01-01-00
2022-01-01T00:00:39.69Z,1207692548,46267.18000000,ASK,0.01613000,8815685499,8815684924,,2022-01-01-00
2022-01-01T00:00:39.69Z,1207692549,46267.94000000,ASK,0.08700000,8815685499,8815685338,,2022-01-01-00
2022-01-01T00:00:39.69Z,1207692550,46271.08000000,ASK,0.01766000,8815685499,8815685347,,2022-01-01-00
2022-01-01T00:00:39.755Z,1207692551,46266.51000000,BID,0.00107000,8815685551,8815685565,,2022-01-01-00
2022-01-01T00:00:39.776Z,1207692552,46267.93000000,ASK,0.00432000,8815685571,8815685553,,2022-01-01-00
2022-01-01T00:00:39.799Z,1207692553,46267.03000000,ASK,0.00068000,8815685583,8815685579,,2022-01-01-00
2022-01-01T00:00:39.907Z,1207692554,46265.14000000,ASK,0.00491000,8815685622,8815685608,,2022-01-01-00
2022-01-01T00:00:39.959Z,1207692555,46265.14000000,ASK,0.01726000,8815685627,8815685608,,2022-01-01-00
2022-01-01T00:00:40.07Z,1207692556,46265.14000000,ASK,0.00100000,8815685643,8815685608,,2022-01-01-00
2022-01-01T00:00:40.092Z,1207692557,46265.14000000,ASK,0.00038000,8815685651,8815685608,,2022-01-01-00
2022-01-01T00:00:40.179Z,1207692558,46265.14000000,ASK,0.00569000,8815685657,8815685608,,2022-01-01-00
2022-01-01T00:00:40.245Z,1207692559,46265.14000000,ASK,0.01047000,8815685663,8815685608,,2022-01-01-00
2022-01-01T00:00:40.279Z,1207692560,46265.13000000,BID,0.00898000,8815685562,8815685665,,2022-01-01-00
2022-01-01T00:00:40.29Z,1207692561,46265.14000000,ASK,0.00021000,8815685666,8815685608,,2022-01-01-00
2022-01-01T00:00:40.347Z,1207692562,46265.13000000,BID,0.00438000,8815685562,8815685670,,2022-01-01-00
2022-01-01T00:00:40.418Z,1207692563,46265.14000000,ASK,0.01809000,8815685674,8815685608,,2022-01-01-00
2022-01-01T00:00:40.418Z,1207692564,46265.14000000,ASK,0.00131000,8815685674,8815685611,,2022-01-01-00
2022-01-01T00:00:40.522Z,1207692565,46265.14000000,ASK,0.00180000,8815685684,8815685611,,2022-01-01-00
2022-01-01T00:00:40.63Z,1207692566,46265.14000000,ASK,0.00118000,8815685696,8815685611,,2022-01-01-00
2022-01-01T00:00:40.711Z,1207692567,46265.14000000,ASK,0.01021000,8815685699,8815685611,,2022-01-01-00
2022-01-01T00:00:40.762Z,1207692568,46265.14000000,ASK,0.02558000,8815685702,8815685611,,2022-01-01-00
2022-01-01T00:00:40.827Z,1207692569,46265.14000000,ASK,0.00141000,8815685710,8815685611,,2022-01-01-00
2022-01-01T00:00:40.874Z,1207692570,46265.14000000,ASK,0.01231000,8815685727,8815685611,,2022-01-01-00
2022-01-01T00:00:40.96Z,1207692571,46265.14000000,ASK,0.00754000,8815685733,8815685611,,2022-01-01-00
2022-01-01T00:00:40.96Z,1207692572,46265.14000000,ASK,0.01451000,8815685733,8815685726,,2022-01-01-00
2022-01-01T00:00:41.035Z,1207692573,46265.14000000,ASK,0.00315000,8815685756,8815685726,,2022-01-01-00
2022-01-01T00:00:41.05Z,1207692574,46265.14000000,ASK,0.00066000,8815685758,8815685726,,2022-01-01-00
2022-01-01T00:00:41.073Z,1207692575,46265.14000000,ASK,0.00032000,8815685762,8815685726,,2022-01-01-00
2022-01-01T00:00:41.11Z,1207692576,46265.14000000,ASK,0.00035000,8815685765,8815685726,,2022-01-01-00
2022-01-01T00:00:41.118Z,1207692577,46265.14000000,ASK,0.00064000,8815685766,8815685726,,2022-01-01-00
2022-01-01T00:00:41.119Z,1207692578,46265.13000000,BID,0.01160000,8815685605,8815685767,,2022-01-01-00
2022-01-01T00:00:41.171Z,1207692579,46265.14000000,ASK,0.01726000,8815685777,8815685726,,2022-01-01-00
2022-01-01T00:00:41.236Z,1207692580,46265.14000000,ASK,0.00155000,8815685793,8815685726,,2022-01-01-00
2022-01-01T00:00:41.497Z,1207692581,46265.14000000,ASK,0.00694000,8815685824,8815685726,,2022-01-01-00
2022-01-01T00:00:41.744Z,1207692582,46265.14000000,ASK,0.00312000,8815685894,8815685726,,2022-01-01-00
2022-01-01T00:00:41.847Z,1207692583,46265.13000000,BID,0.01493000,8815685691,8815685927,,2022-01-01-00
2022-01-01T00:00:42.109Z,1207692584,46265.13000000,BID,0.00247000,8815685691,8815686038,,2022-01-01-00
2022-01-01T00:00:42.12Z,1207692585,46265.14000000,ASK,0.00024000,8815686048,8815685726,,2022-01-01-00
2022-01-01T00:00:42.165Z,1207692586,46265.14000000,ASK,0.00032000,8815686054,8815685726,,2022-01-01-00
2022-01-01T00:00:42.296Z,1207692587,46265.14000000,ASK,0.01726000,8815686066,8815685726,,2022-01-01-00
2022-01-01T00:00:42.571Z,1207692588,46265.14000000,ASK,0.00087000,8815686119,8815685726,,2022-01-01-00
2022-01-01T00:00:42.6Z,1207692589,46265.14000000,ASK,0.00124000,8815686123,8815685726,,2022-01-01-00
2022-01-01T00:00:42.623Z,1207692590,46265.13000000,BID,0.00366000,8815685691,8815686125,,2022-01-01-00
2022-01-01T00:00:42.75Z,1207692591,46265.14000000,ASK,0.00316000,8815686150,8815685726,,2022-01-01-00
2022-01-01T00:00:42.876Z,1207692592,46265.13000000,BID,0.00366000,8815685691,8815686184,,2022-01-01-00
2022-01-01T00:00:42.894Z,1207692593,46265.14000000,ASK,0.00829000,8815686189,8815685726,,2022-01-01-00
2022-01-01T00:00:43.14Z,1207692594,46265.14000000,ASK,0.01557000,8815686267,8815685726,,2022-01-01-00
2022-01-01T00:00:43.441Z,1207692595,46265.14000000,ASK,0.01445000,8815686277,8815685726,,2022-01-01-00
2022-01-01T00:00:43.524Z,1207692596,46265.14000000,ASK,0.01586000,8815686280,8815685726,,2022-01-01-00
2022-01-01T00:00:43.623Z,1207692597,46265.14000000,ASK,0.00033000,8815686284,8815685726,,2022-01-01-00
2022-01-01T00:00:43.752Z,1207692598,46265.13000000,BID,0.00310000,8815685691,8815686292,,2022-01-01-00
2022-01-01T00:00:44.306Z,1207692599,46265.14000000,ASK,0.00406000,8815686312,8815685726,,2022-01-01-00
2022-01-01T00:00:44.326Z,1207692600,46265.14000000,ASK,0.00507000,8815686313,8815685726,,2022-01-01-00
2022-01-01T00:00:44.381Z,1207692601,46265.14000000,ASK,0.02203000,8815686316,8815685726,,2022-01-01-00
2022-01-01T00:00:44.678Z,1207692602,46265.14000000,ASK,0.11564000,8815686340,8815685726,,2022-01-01-00
2022-01-01T00:00:44.678Z,1207692603,46265.14000000,ASK,0.08700000,8815686340,8815685802,,2022-01-01-00
2022-01-01T00:00:44.678Z,1207692604,46265.14000000,ASK,0.00818000,8815686340,8815686231,,2022-01-01-00
2022-01-01T00:00:44.678Z,1207692605,46265.14000000,ASK,0.01635000,8815686340,8815686334,,2022-01-01-00
2022-01-01T00:00:44.714Z,1207692606,46265.16000000,ASK,0.00141000,8815686374,8815686232,,2022-01-01-00
2022-01-01T00:00:44.721Z,1207692607,46265.15000000,BID,0.03911000,8815686355,8815686376,,2022-01-01-00
2022-01-01T00:00:44.786Z,1207692608,46265.16000000,ASK,0.00219000,8815686399,8815686232,,2022-01-01-00
2022-01-01T00:00:44.864Z,1207692609,46265.16000000,ASK,0.00458000,8815686417,8815686232,,2022-01-01-00
2022-01-01T00:00:44.864Z,1207692610,46270.43000000,ASK,0.15816000,8815686417,8815685708,,2022-01-01-00
2022-01-01T00:00:44.95Z,1207692611,46266.18000000,BID,0.00817000,8815686463,8815686464,,2022-01-01-00
2022-01-01T00:00:44.985Z,1207692612,46266.19000000,BID,0.00036000,8815686466,8815686483,,2022-01-01-00
2022-01-01T00:00:45.185Z,1207692613,46267.29000000,ASK,0.00140000,8815686554,8815686534,,2022-01-01-00
2022-01-01T00:00:45.352Z,1207692614,46267.28000000,BID,0.00110000,8815686525,8815686564,,2022-01-01-00
2022-01-01T00:00:45.466Z,1207692615,46267.24000000,BID,0.00059000,8815686557,8815686577,,2022-01-01-00
2022-01-01T00:00:45.466Z,1207692616,46266.21000000,BID,0.00187000,8815686575,8815686577,,2022-01-01-00
2022-01-01T00:00:45.472Z,1207692617,46266.21000000,BID,0.00645000,8815686575,8815686578,,2022-01-01-00
2022-01-01T00:00:45.598Z,1207692618,46265.18000000,ASK,0.01209000,8815686607,8815686594,,2022-01-01-00
2022-01-01T00:00:45.992Z,1207692619,46265.18000000,ASK,0.00024000,8815686690,8815686608,,2022-01-01-00
2022-01-01T00:00:45.992Z,1207692620,46265.18000000,ASK,0.00159000,8815686690,8815686656,,2022-01-01-00
2022-01-01T00:00:46.009Z,1207692621,46265.17000000,BID,0.04018000,8815686563,8815686693,,2022-01-01-00
2022-01-01T00:00:46.009Z,1207692622,46265.17000000,BID,0.24910000,8815686597,8815686693,,2022-01-01-00
2022-01-01T00:00:46.093Z,1207692623,46265.17000000,BID,0.00669000,8815686597,8815686704,,2022-01-01-00
2022-01-01T00:00:46.093Z,1207692624,46265.17000000,BID,0.07675000,8815686599,8815686704,,2022-01-01-00
2022-01-01T00:00:46.093Z,1207692625,46265.17000000,BID,0.07897000,8815686697,8815686704,,2022-01-01-00
2022-01-01T00:00:46.243Z,1207692626,46265.17000000,BID,0.00156000,8815686697,8815686713,,2022-01-01-00
2022-01-01T00:00:46.546Z,1207692627,46265.18000000,ASK,0.27783000,8815686722,8815686656,,2022-01-01-00
2022-01-01T00:00:46.813Z,1207692628,46265.18000000,ASK,0.02600000,8815686743,8815686656,,2022-01-01-00
2022-01-01T00:00:46.872Z,1207692629,46265.18000000,ASK,0.00547000,8815686758,8815686656,,2022-01-01-00
2022-01-01T00:00:46.979Z,1207692630,46265.18000000,ASK,0.01760000,8815686769,8815686656,,2022-01-01-00
2022-01-01T00:00:47.232Z,1207692631,46265.18000000,ASK,0.04982000,8815686801,8815686656,,2022-01-01-00
2022-01-01T00:00:47.352Z,1207692632,46265.18000000,ASK,0.00052000,8815686812,8815686656,,2022-01-01-00
2022-01-01T00:00:47.417Z,1207692633,46265.18000000,ASK,0.01325000,8815686822,8815686656,,2022-01-01-00
2022-01-01T00:00:47.826Z,1207692634,46265.17000000,BID,0.00355000,8815686697,8815686844,,2022-01-01-00
2022-01-01T00:00:47.876Z,1207692635,46265.17000000,BID,0.00209000,8815686697,8815686847,,2022-01-01-00
2022-01-01T00:00:48.285Z,1207692636,46265.18000000,ASK,0.00052000,8815686863,8815686656,,2022-01-01-00
2022-01-01T00:00:48.425Z,1207692637,46265.17000000,BID,0.02930000,8815686697,8815686865,,2022-01-01-00
2022-01-01T00:00:49.257Z,1207692638,46265.18000000,ASK,0.00052000,8815686919,8815686656,,2022-01-01-00
2022-01-01T00:00:49.388Z,1207692639,46265.18000000,ASK,0.00571000,8815686923,8815686656,,2022-01-01-00
2022-01-01T00:00:49.434Z,1207692640,46265.18000000,ASK,0.00590000,8815686927,8815686656,,2022-01-01-00
2022-01-01T00:00:49.509Z,1207692641,46265.17000000,BID,0.00110000,8815686697,8815686930,,2022-01-01-00
2022-01-01T00:00:49.544Z,1207692642,46265.18000000,ASK,0.00255000,8815686933,8815686656,,2022-01-01-00
2022-01-01T00:00:49.625Z,1207692643,46265.17000000,BID,0.00110000,8815686697,8815686944,,2022-01-01-00
2022-01-01T00:00:49.666Z,1207692644,46265.17000000,BID,0.00110000,8815686697,8815686945,,2022-01-01-00
2022-01-01T00:00:49.713Z,1207692645,46265.17000000,BID,0.00103000,8815686697,8815686948,,2022-01-01-00
2022-01-01T00:00:49.714Z,1207692646,46265.18000000,ASK,0.00040000,8815686949,8815686656,,2022-01-01-00
2022-01-01T00:00:49.844Z,1207692647,46265.18000000,ASK,0.00845000,8815686955,8815686656,,2022-01-01-00
2022-01-01T00:00:50.225Z,1207692648,46265.18000000,ASK,0.00148000,8815686987,8815686656,,2022-01-01-00
2022-01-01T00:00:50.256Z,1207692649,46265.18000000,ASK,0.00052000,8815686993,8815686656,,2022-01-01-00
2022-01-01T00:00:50.373Z,1207692650,46265.18000000,ASK,0.00051000,8815687010,8815686656,,2022-01-01-00
2022-01-01T00:00:50.563Z,1207692651,46265.18000000,ASK,0.01225000,8815687025,8815686656,,2022-01-01-00
2022-01-01T00:00:50.563Z,1207692652,46265.18000000,ASK,0.00936000,8815687025,8815686717,,2022-01-01-00
2022-01-01T00:00:50.881Z,1207692653,46265.17000000,BID,0.00038000,8815686703,8815687044,,2022-01-01-00
2022-01-01T00:00:50.927Z,1207692654,46265.17000000,BID,0.03339000,8815686703,8815687055,,2022-01-01-00
2022-01-01T00:00:50.927Z,1207692655,46265.17000000,BID,0.02829000,8815686893,8815687055,,2022-01-01-00
2022-01-01T00:00:50.927Z,1207692656,46265.17000000,BID,0.00369000,8815686918,8815687055,,2022-01-01-00
2022-01-01T00:00:50.927Z,1207692657,46265.17000000,BID,0.00655000,8815686921,8815687055,,2022-01-01-00
2022-01-01T00:00:50.927Z,1207692658,46265.17000000,BID,0.01560000,8815686922,8815687055,,2022-01-01-00
2022-01-01T00:00:50.927Z,1207692659,46265.17000000,BID,0.00032000,8815686991,8815687055,,2022-01-01-00
2022-01-01T00:00:50.927Z,1207692660,46265.13000000,BID,0.01974000,8815686935,8815687055,,2022-01-01-00
2022-01-01T00:00:50.927Z,1207692661,46264.96000000,BID,0.01135000,8815685638,8815687055,,2022-01-01-00
2022-01-01T00:00:50.945Z,1207692662,46264.96000000,BID,0.00038000,8815685638,8815687065,,2022-01-01-00
2022-01-01T00:00:50.955Z,1207692663,46262.79000000,BID,0.05581000,8815687046,8815687074,,2022-01-01-00
2022-01-01T00:00:50.961Z,1207692664,46262.77000000,BID,0.00383000,8815686675,8815687080,,2022-01-01-00
2022-01-01T00:00:50.961Z,1207692665,46262.77000000,BID,0.23338000,8815686748,8815687080,,2022-01-01-00
2022-01-01T00:00:50.961Z,1207692666,46262.77000000,BID,0.15178000,8815686748,8815687081,,2022-01-01-00
2022-01-01T00:00:50.965Z,1207692667,46262.77000000,BID,0.06866000,8815686748,8815687089,,2022-01-01-00
2022-01-01T00:00:50.965Z,1207692668,46262.77000000,BID,0.00181000,8815686843,8815687089,,2022-01-01-00
2022-01-01T00:00:50.973Z,1207692669,46261.72000000,BID,0.02000000,8815685419,8815687102,,2022-01-01-00
2022-01-01T00:00:50.973Z,1207692670,46261.71000000,BID,0.14870000,8815685865,8815687102,,2022-01-01-00
2022-01-01T00:00:50.979Z,1207692671,46261.71000000,BID,0.03142000,8815685865,8815687107,,2022-01-01-00
2022-01-01T00:00:50.982Z,1207692672,46261.71000000,BID,0.32503000,8815685865,8815687113,,2022-01-01-00
2022-01-01T00:00:50.983Z,1207692673,46261.71000000,BID,0.09728000,8815685865,8815687114,,2022-01-01-00
2022-01-01T00:00:50.986Z,1207692674,46261.70000000,BID,0.04000000,8815686481,8815687115,,2022-01-01-00
2022-01-01T00:00:50.994Z,1207692675,46260.90000000,BID,0.02302000,8815685620,8815687132,,2022-01-01-00
2022-01-01T00:00:51Z,1207692676,46257.40000000,BID,0.06000000,8815687048,8815687144,,2022-01-01-00
2022-01-01T00:00:51.008Z,1207692677,46256.77000000,BID,0.01911000,8815687053,8815687156,,2022-01-01-00
2022-01-01T00:00:51.013Z,1207692678,46256.78000000,ASK,0.00087000,8815687166,8815687162,,2022-01-01-00
2022-01-01T00:00:51.014Z,1207692679,46255.89000000,BID,0.08430000,8815687105,8815687167,,2022-01-01-00
2022-01-01T00:00:51.022Z,1207692680,46255.65000000,BID,0.13046000,8815684651,8815687176,,2022-01-01-00
2022-01-01T00:00:51.022Z,1207692681,46255.65000000,BID,0.03267000,8815684780,8815687176,,2022-01-01-00
2022-01-01T00:00:51.141Z,1207692682,46254.02000000,ASK,0.00087000,8815687268,8815687205,,2022-01-01-00
2022-01-01T00:00:51.159Z,1207692683,46254.01000000,BID,0.00022000,8815686298,8815687274,,2022-01-01-00
2022-01-01T00:00:51.159Z,1207692684,46250.00000000,BID,0.00107000,8815684689,8815687274,,2022-01-01-00
2022-01-01T00:00:51.163Z,1207692685,46254.02000000,ASK,0.00140000,8815687276,8815687205,,2022-01-01-00
2022-01-01T00:00:51.2Z,1207692686,46250.01000000,ASK,0.00311000,8815687302,8815687278,,2022-01-01-00
2022-01-01T00:00:51.297Z,1207692687,46250.01000000,ASK,0.00616000,8815687329,8815687278,,2022-01-01-00
2022-01-01T00:00:51.511Z,1207692688,46250.01000000,ASK,0.00511000,8815687382,8815687278,,2022-01-01-00
2022-01-01T00:00:51.547Z,1207692689,46250.01000000,ASK,0.00208000,8815687390,8815687278,,2022-01-01-00
2022-01-01T00:00:51.553Z,1207692690,46250.01000000,ASK,0.00108000,8815687391,8815687278,,2022-01-01-00
2022-01-01T00:00:51.582Z,1207692691,46250.01000000,ASK,0.00508000,8815687398,8815687278,,2022-01-01-00
2022-01-01T00:00:51.713Z,1207692692,46250.01000000,ASK,0.00655000,8815687420,8815687278,,2022-01-01-00
2022-01-01T00:00:51.778Z,1207692693,46250.00000000,BID,0.00001000,8815684689,8815687427,,2022-01-01-00
2022-01-01T00:00:51.778Z,1207692694,46250.00000000,BID,0.00299000,8815687396,8815687427,,2022-01-01-00
2022-01-01T00:00:51.797Z,1207692695,46250.01000000,ASK,0.00150000,8815687432,8815687278,,2022-01-01-00
2022-01-01T00:00:51.99Z,1207692696,46250.01000000,ASK,0.00107000,8815687462,8815687278,,2022-01-01-00
2022-01-01T00:00:52.135Z,1207692697,46250.01000000,ASK,0.00107000,8815687475,8815687278,,2022-01-01-00
2022-01-01T00:00:52.507Z,1207692698,46250.00000000,BID,0.00222000,8815687396,8815687500,,2022-01-01-00
2022-01-01T00:00:52.555Z,1207692699,46250.01000000,ASK,0.00115000,8815687502,8815687278,,2022-01-01-00
2022-01-01T00:00:53.374Z,1207692700,46250.01000000,ASK,0.01732000,8815687532,8815687278,,2022-01-01-00
2022-01-01T00:00:53.438Z,1207692701,46250.01000000,ASK,0.00736000,8815687538,8815687278,,2022-01-01-00
2022-01-01T00:00:53.501Z,1207692702,46250.01000000,ASK,0.00508000,8815687547,8815687278,,2022-01-01-00
2022-01-01T00:00:53.558Z,1207692703,46250.01000000,ASK,0.00258000,8815687550,8815687278,,2022-01-01-00
2022-01-01T00:00:53.569Z,1207692704,46250.01000000,ASK,0.00157000,8815687551,8815687278,,2022-01-01-00
2022-01-01T00:00:53.636Z,1207692705,46250.01000000,ASK,0.01732000,8815687560,8815687278,,2022-01-01-00
2022-01-01T00:00:53.747Z,1207692706,46250.01000000,ASK,0.00497000,8815687568,8815687278,,2022-01-01-00
2022-01-01T00:00:53.788Z,1207692707,46250.01000000,ASK,0.01732000,8815687571,8815687278,,2022-01-01-00
2022-01-01T00:00:54.442Z,1207692708,46250.01000000,ASK,0.00022000,8815687638,8815687278,,2022-01-01-00
2022-01-01T00:00:54.686Z,1207692709,46250.01000000,ASK,0.04284000,8815687647,8815687278,,2022-01-01-00
2022-01-01T00:00:54.935Z,1207692710,46250.01000000,ASK,0.01733000,8815687670,8815687278,,2022-01-01-00
2022-01-01T00:00:55.592Z,1207692711,46250.00000000,BID,0.00108000,8815687396,8815687705,,2022-01-01-00
2022-01-01T00:00:55.622Z,1207692712,46250.01000000,ASK,0.00486000,8815687708,8815687278,,2022-01-01-00
2022-01-01T00:00:55.692Z,1207692713,46250.01000000,ASK,0.00317000,8815687710,8815687278,,2022-01-01-00
2022-01-01T00:00:55.709Z,1207692714,46250.01000000,ASK,0.00417000,8815687712,8815687278,,2022-01-01-00
2022-01-01T00:00:55.863Z,1207692715,46250.01000000,ASK,0.00107000,8815687720,8815687278,,2022-01-01-00
2022-01-01T00:00:55.936Z,1207692716,46250.01000000,ASK,0.00315000,8815687729,8815687278,,2022-01-01-00
2022-01-01T00:00:55.998Z,1207692717,46250.01000000,ASK,0.00107000,8815687734,8815687278,,2022-01-01-00
2022-01-01T00:00:56.068Z,1207692718,46250.01000000,ASK,0.00107000,8815687735,8815687278,,2022-01-01-00
2022-01-01T00:00:56.58Z,1207692719,46250.01000000,ASK,0.01001000,8815687757,8815687278,,2022-01-01-00
2022-01-01T00:00:56.802Z,1207692720,46250.01000000,ASK,0.01641000,8815687772,8815687278,,2022-01-01-00
2022-01-01T00:00:57.128Z,1207692721,46250.01000000,ASK,0.01133000,8815687784,8815687278,,2022-01-01-00
2022-01-01T00:00:57.427Z,1207692722,46250.01000000,ASK,0.00486000,8815687795,8815687278,,2022-01-01-00
2022-01-01T00:00:57.666Z,1207692723,46250.01000000,ASK,0.08372000,8815687818,8815687278,,2022-01-01-00
2022-01-01T00:00:57.792Z,1207692724,46250.01000000,ASK,0.06947000,8815687826,8815687278,,2022-01-01-00
2022-01-01T00:00:57.899Z,1207692725,46250.01000000,ASK,0.01647000,8815687831,8815687278,,2022-01-01-00
2022-01-01T00:00:58.022Z,1207692726,46250.01000000,ASK,0.00086000,8815687838,8815687278,,2022-01-01-00
2022-01-01T00:00:58.585Z,1207692727,46250.00000000,BID,0.01205000,8815687396,8815687876,,2022-01-01-00
2022-01-01T00:00:58.585Z,1207692728,46250.00000000,BID,0.01069000,8815687407,8815687876,,2022-01-01-00
2022-01-01T00:00:59.006Z,1207692729,46250.01000000,ASK,0.00108000,8815687902,8815687278,,2022-01-01-00
2022-01-01T00:00:59.034Z,1207692730,46250.01000000,ASK,0.03025000,8815687905,8815687278,,2022-01-01-00
2022-01-01T00:00:59.034Z,1207692731,46250.01000000,ASK,0.00122000,8815687905,8815687430,,2022-01-01-00
2022-01-01T00:00:59.034Z,1207692732,46250.01000000,ASK,0.02882000,8815687905,8815687492,,2022-01-01-00
2022-01-01T00:00:59.048Z,1207692733,46250.01000000,ASK,0.00236000,8815687906,8815687492,,2022-01-01-00
2022-01-01T00:00:59.138Z,1207692734,46250.01000000,ASK,0.01798000,8815687912,8815687492,,2022-01-01-00
2022-01-01T00:00:59.16Z,1207692735,46250.01000000,ASK,0.00074000,8815687913,8815687492,,2022-01-01-00
2022-01-01T00:00:59.42Z,1207692736,46250.01000000,ASK,0.00261000,8815687918,8815687514,,2022-01-01-00
2022-01-01T00:00:59.42Z,1207692737,46250.01000000,ASK,0.00286000,8815687918,8815687832,,2022-01-01-00
2022-01-01T00:00:59.458Z,1207692738,46250.01000000,ASK,0.00021000,8815687919,8815687832,,2022-01-01-00
2022-01-01T00:00:59.585Z,1207692739,46250.01000000,ASK,0.01132000,8815687923,8815687832,,2022-01-01-00
2022-01-01T00:00:59.621Z,1207692740,46250.01000000,ASK,0.00067000,8815687925,8815687832,,2022-01-01-00
2022-01-01T00:00:59.739Z,1207692741,46250.01000000,ASK,0.00625000,8815687928,8815687832,,2022-01-01-00
2022-01-01T00:00:59.978Z,1207692742,46250.00000000,BID,0.00078000,8815687407,8815687940,,2022-01-01-00
2022-01-01T00:00:59.978Z,1207692743,46250.00000000,BID,0.00038000,8815687407,8815687941,,2022-01-01-00
2022-01-01T00:00:59.979Z,1207692744,46250.01000000,ASK,0.00401000,8815687942,8815687832,,2022-01-01-00
2022-01-01T00:00:59.979Z,1207692745,46250.00000000,BID,0.00055000,8815687407,8815687943,,2022-01-01-00
2022-01-01T00:00:59.981Z,1207692746,46250.00000000,BID,0.00129000,8815687407,8815687944,,2022-01-01-00
2022-01-01T00:00:59.984Z,1207692747,46250.00000000,BID,0.00317000,8815687407,8815687945,,2022-01-01-00
2022-01-01T00:00:59.985Z,1207692748,46250.00000000,BID,0.00046000,8815687407,8815687946,,2022-01-01-00
2022-01-01T00:00:59.985Z,1207692749,46250.01000000,ASK,0.00083000,8815687947,8815687832,,2022-01-01-00
2022-01-01T00:00:59.985Z,1207692750,46250.00000000,BID,0.00070000,8815687407,8815687948,,2022-01-01-00
2022-01-01T00:00:59.986Z,1207692751,46250.00000000,BID,0.00107000,8815687407,8815687949,,2022-01-01-00
2022-01-01T00:00:59.986Z,1207692752,46250.01000000,ASK,0.00059000,8815687950,8815687832,,2022-01-01-00
2022-01-01T00:00:59.986Z,1207692753,46250.00000000,BID,0.00037000,8815687407,8815687951,,2022-01-01-00
2022-01-01T00:00:59.987Z,1207692754,46250.00000000,BID,0.00090000,8815687407,8815687952,,2022-01-01-00
2022-01-01T00:00:59.989Z,1207692755,46250.01000000,ASK,0.00115000,8815687953,8815687832,,2022-01-01-00
2022-01-01T00:00:59.989Z,1207692756,46250.01000000,ASK,0.00132000,8815687954,8815687832,,2022-01-01-00
2022-01-01T00:00:59.989Z,1207692757,46250.00000000,BID,0.00104000,8815687407,8815687955,,2022-01-01-00
2022-01-01T00:00:59.99Z,1207692758,46250.01000000,ASK,0.00090000,8815687956,8815687832,,2022-01-01-00
2022-01-01T00:00:59.99Z,1207692759,46250.00000000,BID,0.00227000,8815687407,8815687957,,2022-01-01-00
2022-01-01T00:00:59.991Z,1207692760,46250.01000000,ASK,0.00400000,8815687959,8815687832,,2022-01-01-00
2022-01-01T00:00:59.992Z,1207692761,46250.01000000,ASK,0.00047000,8815687960,8815687832,,2022-01-01-00
2022-01-01T00:00:59.994Z,1207692762,46250.01000000,ASK,0.00069000,8815687961,8815687832,,2022-01-01-00
2022-01-01T00:00:59.994Z,1207692763,46250.00000000,BID,0.00187000,8815687407,8815687962,,2022-01-01-00
2022-01-01T00:00:59.996Z,1207692764,46250.01000000,ASK,0.00264000,8815687963,8815687832,,2022-01-01-00
2022-01-01T00:00:59.996Z,1207692765,46250.00000000,BID,0.00064000,8815687407,8815687964,,2022-01-01-00
2022-01-01T00:00:59.997Z,1207692766,46250.01000000,ASK,0.00098000,8815687965,8815687832,,2022-01-01-00
2022-01-01T00:00:59.997Z,1207692767,46250.00000000,BID,0.00088000,8815687407,8815687966,,2022-01-01-00
2022-01-01T00:00:59.997Z,1207692768,46250.01000000,ASK,0.00413000,8815687967,8815687832,,2022-01-01-00
2022-01-01T00:00:59.997Z,1207692769,46250.00000000,BID,0.00117000,8815687407,8815687968,,2022-01-01-00
2022-01-01T00:00:59.997Z,1207692770,46250.01000000,ASK,0.00574000,8815687969,8815687832,,2022-01-01-00
2022-01-01T00:00:59.998Z,1207692771,46250.00000000,BID,0.00081000,8815687407,8815687970,,2022-01-01-00
2022-01-01T00:00:59.999Z,1207692772,46250.00000000,BID,0.00675000,8815687407,8815687971,,2022-01-01-00
2022-01-01T00:01:00Z,1207692773,46250.00000000,BID,0.00752000,8815687407,8815687972,,2022-01-01-00
2022-01-01T00:01:00Z,1207692774,46250.01000000,ASK,0.00902000,8815687973,8815687832,,2022-01-01-00
2022-01-01T00:01:00Z,1207692775,46250.01000000,ASK,0.00036000,8815687974,8815687832,,2022-01-01-00
2022-01-01T00:01:00.001Z,1207692776,46250.01000000,ASK,0.00027000,8815687975,8815687832,,2022-01-01-00
2022-01-01T00:01:00.001Z,1207692777,46250.00000000,BID,0.00134000,8815687407,8815687976,,2022-01-01-00
2022-01-01T00:01:00.002Z,1207692778,46250.01000000,ASK,0.01020000,8815687977,8815687832,,2022-01-01-00
2022-01-01T00:01:00.003Z,1207692779,46250.00000000,BID,0.00096000,8815687407,8815687978,,2022-01-01-00
2022-01-01T00:01:00.003Z,1207692780,46250.01000000,ASK,0.00123000,8815687979,8815687832,,2022-01-01-00
2022-01-01T00:01:00.004Z,1207692781,46250.00000000,BID,0.00035000,8815687407,8815687980,,2022-01-01-00
2022-01-01T00:01:00.004Z,1207692782,46250.01000000,ASK,0.00082000,8815687981,8815687832,,2022-01-01-00
2022-01-01T00:01:00.004Z,1207692783,46250.01000000,ASK,0.00214000,8815687982,8815687832,,2022-01-01-00
2022-01-01T00:01:00.006Z,1207692784,46250.00000000,BID,0.00112000,8815687407,8815687983,,2022-01-01-00
2022-01-01T00:01:00.007Z,1207692785,46250.00000000,BID,0.00098000,8815687407,8815687984,,2022-01-01-00
2022-01-01T00:01:00.008Z,1207692786,46250.00000000,BID,0.00436000,8815687407,8815687986,,2022-01-01-00
2022-01-01T00:01:00.009Z,1207692787,46250.01000000,ASK,0.00105000,8815687987,8815687832,,2022-01-01-00
2022-01-01T00:01:00.009Z,1207692788,46250.00000000,BID,0.00110000,8815687407,8815687988,,2022-01-01-00
2022-01-01T00:01:00.011Z,1207692789,46250.01000000,ASK,0.00154000,8815687989,8815687832,,2022-01-01-00
2022-01-01T00:01:00.012Z,1207692790,46250.00000000,BID,0.00075000,8815687407,8815687990,,2022-01-01-00
2022-01-01T00:01:00.012Z,1207692791,46250.00000000,BID,0.00072000,8815687542,8815687990,,2022-01-01-00
2022-01-01T00:01:00.027Z,1207692792,46250.01000000,ASK,0.00055000,8815687991,8815687832,,2022-01-01-00
2022-01-01T00:01:00.681Z,1207692793,46250.00000000,BID,0.00411000,8815687542,8815688013,,2022-01-01-00
2022-01-01T00:01:00.747Z,1207692794,46250.00000000,BID,0.01724000,8815687542,8815688016,,2022-01-01-00
2022-01-01T00:01:01.037Z,1207692795,46250.00000000,BID,0.09447000,8815687542,8815688038,,2022-01-01-00
2022-01-01T00:01:01.105Z,1207692796,46250.00000000,BID,0.04000000,8815687542,8815688042,,2022-01-01-00
2022-01-01T00:01:01.106Z,1207692797,46250.00000000,BID,0.09346000,8815687542,8815688043,,2022-01-01-00
2022-01-01T00:01:01.106Z,1207692798,46250.00000000,BID,0.00097000,8815687746,8815688043,,2022-01-01-00
2022-01-01T00:01:01.106Z,1207692799,46250.00000000,BID,0.01437000,8815687778,8815688043,,2022-01-01-00
2022-01-01T00:01:01.106Z,1207692800,46250.00000000,BID,0.00172000,8815688006,8815688043,,2022-01-01-00
2022-01-01T00:01:01.106Z,1207692801,46250.00000000,BID,0.04932000,8815688010,8815688043,,2022-01-01-00
2022-01-01T00:01:01.141Z,1207692802,46250.01000000,ASK,0.01000000,8815688046,8815687832,,2022-01-01-00
2022-01-01T00:01:01.202Z,1207692803,46250.01000000,ASK,0.00218000,8815688054,8815687832,,2022-01-01-00
2022-01-01T00:01:01.274Z,1207692804,46250.01000000,ASK,0.00452000,8815688061,8815687832,,2022-01-01-00
2022-01-01T00:01:01.349Z,1207692805,46250.00000000,BID,0.00054000,8815688010,8815688069,,2022-01-01-00
2022-01-01T00:01:01.555Z,1207692806,46250.00000000,BID,0.00323000,8815688010,8815688077,,2022-01-01-00
2022-01-01T00:01:01.555Z,1207692807,46250.00000000,BID,0.01437000,8815688065,8815688077,,2022-01-01-00
2022-01-01T00:01:01.555Z,1207692808,46250.00000000,BID,0.03129000,8815688072,8815688077,,2022-01-01-00
2022-01-01T00:01:01.555Z,1207692809,46249.83000000,BID,0.01173000,8815687466,8815688077,,2022-01-01-00
2022-01-01T00:01:01.656Z,1207692810,46239.88000000,ASK,0.02409000,8815688136,8815688117,,2022-01-01-00
2022-01-01T00:01:01.697Z,1207692811,46238.85000000,ASK,0.00079000,8815688159,8815688143,,2022-01-01-00
2022-01-01T00:01:01.7Z,1207692812,46238.85000000,ASK,0.00475000,8815688163,8815688143,,2022-01-01-00
2022-01-01T00:01:01.78Z,1207692813,46238.85000000,ASK,0.00696000,8815688181,8815688143,,2022-01-01-00
2022-01-01T00:01:01.8Z,1207692814,46238.85000000,ASK,0.01124000,8815688187,8815688143,,2022-01-01-00
2022-01-01T00:01:01.885Z,1207692815,46238.85000000,ASK,0.01126000,8815688198,8815688143,,2022-01-01-00
2022-01-01T00:01:01.902Z,1207692816,46238.85000000,ASK,0.00937000,8815688202,8815688143,,2022-01-01-00
2022-01-01T00:01:01.918Z,1207692817,46238.84000000,BID,0.00216000,8815683987,8815688205,,2022-01-01-00
2022-01-01T00:01:01.918Z,1207692818,46238.84000000,BID,0.00723000,8815688179,8815688205,,2022-01-01-00
2022-01-01T00:01:01.968Z,1207692819,46238.85000000,ASK,0.02459000,8815688209,8815688143,,2022-01-01-00
2022-01-01T00:01:01.984Z,1207692820,46238.59000000,BID,0.00216000,8815685277,8815688218,,2022-01-01-00
2022-01-01T00:01:01.984Z,1207692821,46238.38000000,BID,0.00191000,8815682778,8815688218,,2022-01-01-00
2022-01-01T00:01:01.984Z,1207692822,46236.42000000,BID,0.00286000,8815688128,8815688218,,2022-01-01-00
2022-01-01T00:01:01.99Z,1207692823,46238.60000000,ASK,0.02055000,8815688223,8815688210,,2022-01-01-00
2022-01-01T00:01:02.039Z,1207692824,46234.39000000,ASK,0.07329000,8815688257,8815688252,,2022-01-01-00
2022-01-01T00:01:02.047Z,1207692825,46234.39000000,ASK,0.03506000,8815688261,8815688252,,2022-01-01-00
2022-01-01T00:01:02.145Z,1207692826,46234.39000000,ASK,0.01214000,8815688297,8815688252,,2022-01-01-00
2022-01-01T00:01:02.234Z,1207692827,46234.39000000,ASK,0.00062000,8815688321,8815688252,,2022-01-01-00
2022-01-01T00:01:02.295Z,1207692828,46234.39000000,ASK,0.01564000,8815688334,8815688252,,2022-01-01-00
2022-01-01T00:01:02.344Z,1207692829,46234.39000000,ASK,0.00120000,8815688348,8815688318,,2022-01-01-00
2022-01-01T00:01:02.351Z,1207692830,46234.39000000,ASK,0.00001000,8815688351,8815688318,,2022-01-01-00
2022-01-01T00:01:02.351Z,1207692831,46236.42000000,ASK,0.00065000,8815688351,8815688307,,2022-01-01-00
2022-01-01T00:01:02.371Z,1207692832,46236.42000000,ASK,0.00022000,8815688363,8815688307,,2022-01-01-00
2022-01-01T00:01:02.581Z,1207692833,46237.42000000,ASK,0.08261000,8815688480,8815688459,,2022-01-01-00
2022-01-01T00:01:02.581Z,1207692834,46237.42000000,ASK,0.08262000,8815688480,8815688461,,2022-01-01-00
2022-01-01T00:01:02.919Z,1207692835,46248.96000000,ASK,0.00271000,8815688657,8815688604,,2022-01-01-00
2022-01-01T00:01:03.084Z,1207692836,46248.96000000,ASK,0.00191000,8815688667,8815688604,,2022-01-01-00
2022-01-01T00:01:03.355Z,1207692837,46248.95000000,BID,0.00663000,8815688592,8815688687,,2022-01-01-00
2022-01-01T00:01:03.401Z,1207692838,46248.96000000,ASK,0.00049000,8815688692,8815688604,,2022-01-01-00
2022-01-01T00:01:03.642Z,1207692839,46248.95000000,BID,0.01274000,8815688592,8815688707,,2022-01-01-00
2022-01-01T00:01:04.504Z,1207692840,46248.95000000,BID,0.00400000,8815688592,8815688736,,2022-01-01-00
2022-01-01T00:01:04.993Z,1207692841,46248.95000000,BID,0.00230000,8815688592,8815688759,,2022-01-01-00
2022-01-01T00:01:05.24Z,1207692842,46248.95000000,BID,0.00259000,8815688592,8815688774,,2022-01-01-00
2022-01-01T00:01:05.291Z,1207692843,46248.95000000,BID,0.00112000,8815688592,8815688785,,2022-01-01-00
2022-01-01T00:01:05.326Z,1207692844,46248.95000000,BID,0.00139000,8815688592,8815688790,,2022-01-01-00
2022-01-01T00:01:05.89Z,1207692845,46248.96000000,ASK,0.00287000,8815688807,8815688604,,2022-01-01-00
2022-01-01T00:01:06.048Z,1207692846,46248.96000000,ASK,0.04193000,8815688814,8815688604,,2022-01-01-00
2022-01-01T00:01:06.503Z,1207692847,46248.95000000,BID,0.00158000,8815688592,8815688846,,2022-01-01-00
2022-01-01T00:01:06.788Z,1207692848,46248.96000000,ASK,0.00043000,8815688858,8815688698,,2022-01-01-00
2022-01-01T00:01:06.807Z,1207692849,46248.96000000,ASK,0.01900000,8815688860,8815688698,,2022-01-01-00
2022-01-01T00:01:06.934Z,1207692850,46248.96000000,ASK,0.00926000,8815688866,8815688698,,2022-01-01-00
2022-01-01T00:01:06.993Z,1207692851,46248.96000000,ASK,0.00068000,8815688869,8815688698,,2022-01-01-00
2022-01-01T00:01:07.052Z,1207692852,46248.96000000,ASK,0.00039000,8815688870,8815688698,,2022-01-01-00
2022-01-01T00:01:07.112Z,1207692853,46248.96000000,ASK,0.00115000,8815688873,8815688698,,2022-01-01-00
2022-01-01T00:01:07.422Z,1207692854,46248.95000000,BID,0.00046000,8815688592,8815688882,,2022-01-01-00
2022-01-01T00:01:07.528Z,1207692855,46248.95000000,BID,0.00741000,8815688592,8815688886,,2022-01-01-00
2022-01-01T00:01:08.098Z,1207692856,46248.96000000,ASK,0.00216000,8815688905,8815688698,,2022-01-01-00
2022-01-01T00:01:08.498Z,1207692857,46248.96000000,ASK,0.00064000,8815688926,8815688698,,2022-01-01-00
2022-01-01T00:01:08.528Z,1207692858,46248.96000000,ASK,0.01348000,8815688928,8815688698,,2022-01-01-00
2022-01-01T00:01:08.663Z,1207692859,46248.96000000,ASK,0.00618000,8815688933,8815688698,,2022-01-01-00
2022-01-01T00:01:08.69Z,1207692860,46248.96000000,ASK,0.00273000,8815688935,8815688698,,2022-01-01-00
2022-01-01T00:01:08.725Z,1207692861,46248.96000000,ASK,0.01122000,8815688936,8815688698,,2022-01-01-00
2022-01-01T00:01:08.746Z,1207692862,46248.95000000,BID,0.02118000,8815688592,8815688937,,2022-01-01-00
2022-01-01T00:01:08.926Z,1207692863,46248.96000000,ASK,0.00273000,8815688941,8815688698,,2022-01-01-00
2022-01-01T00:01:08.995Z,1207692864,46248.96000000,ASK,0.00112000,8815688942,8815688698,,2022-01-01-00
2022-01-01T00:01:09.338Z,1207692865,46248.96000000,ASK,0.00571000,8815688951,8815688698,,2022-01-01-00
2022-01-01T00:01:09.367Z,1207692866,46248.95000000,BID,0.00158000,8815688592,8815688953,,2022-01-01-00
2022-01-01T00:01:09.367Z,1207692867,46248.95000000,BID,0.05370000,8815688683,8815688953,,2022-01-01-00
2022-01-01T00:01:09.367Z,1207692868,46248.95000000,BID,0.19159000,8815688821,8815688953,,2022-01-01-00
2022-01-01T00:01:09.401Z,1207692869,46248.96000000,ASK,0.00211000,8815688956,8815688698,,2022-01-01-00
2022-01-01T00:01:10.93Z,1207692870,46248.96000000,ASK,0.00424000,8815688991,8815688698,,2022-01-01-00
2022-01-01T00:01:11.063Z,1207692871,46248.96000000,ASK,0.00097000,8815688994,8815688698,,2022-01-01-00
2022-01-01T00:01:11.375Z,1207692872,46248.96000000,ASK,0.00108000,8815689006,8815688698,,2022-01-01-00
2022-01-01T00:01:11.488Z,1207692873,46248.96000000,ASK,0.00208000,8815689013,8815688698,,2022-01-01-00
2022-01-01T00:01:12.161Z,1207692874,46248.96000000,ASK,0.00244000,8815689049,8815688698,,2022-01-01-00
2022-01-01T00:01:12.275Z,1207692875,46248.96000000,ASK,0.00165000,8815689052,8815688698,,2022-01-01-00
2022-01-01T00:01:12.362Z,1207692876,46248.96000000,ASK,0.00108000,8815689057,8815688698,,2022-01-01-00
2022-01-01T00:01:12.596Z,1207692877,46248.96000000,ASK,0.00904000,8815689063,8815688698,,2022-01-01-00
2022-01-01T00:01:12.596Z,1207692878,46248.96000000,ASK,0.00654000,8815689063,8815688803,,2022-01-01-00
2022-01-01T00:01:12.596Z,1207692879,46248.96000000,ASK,0.02535000,8815689063,8815688805,,2022-01-01-00
2022-01-01T00:01:12.596Z,1207692880,46248.96000000,ASK,0.02912000,8815689063,8815688918,,2022-01-01-00
2022-01-01T00:01:12.631Z,1207692881,46248.95000000,BID,0.02042000,8815688821,8815689064,,2022-01-01-00
2022-01-01T00:01:12.664Z,1207692882,46248.96000000,ASK,0.01391000,8815689065,8815688966,,2022-01-01-00
2022-01-01T00:01:12.754Z,1207692883,46248.96000000,ASK,0.00045000,8815689070,8815688966,,2022-01-01-00
2022-01-01T00:01:12.754Z,1207692884,46248.96000000,ASK,0.00380000,8815689070,8815689030,,2022-01-01-00
2022-01-01T00:01:12.779Z,1207692885,46248.96000000,ASK,0.32998000,8815689071,8815689030,,2022-01-01-00
2022-01-01T00:01:12.779Z,1207692886,46248.96000000,ASK,0.05635000,8815689071,8815689040,,2022-01-01-00
2022-01-01T00:01:12.779Z,1207692887,46248.96000000,ASK,0.01127000,8815689071,8815689041,,2022-01-01-00
2022-01-01T00:01:12.779Z,1207692888,46248.96000000,ASK,0.00023000,8815689071,8815689047,,2022-01-01-00
2022-01-01T00:01:12.779Z,1207692889,46248.97000000,ASK,0.25363000,8815689071,8815689028,,2022-01-01-00
2022-01-01T00:01:12.779Z,1207692890,46249.01000000,ASK,0.00146000,8815689071,8815689069,,2022-01-01-00
2022-01-01T00:01:12.779Z,1207692891,46250.01000000,ASK,0.00170000,8815689071,8815687845,,2022-01-01-00
2022-01-01T00:01:12.779Z,1207692892,46250.01000000,ASK,0.06469000,8815689071,8815687875,,2022-01-01-00
2022-01-01T00:01:12.779Z,1207692893,46250.01000000,ASK,0.00153000,8815689071,8815688027,,2022-01-01-00
2022-01-01T00:01:13.429Z,1207692894,46251.14000000,ASK,0.00116000,8815689163,8815689158,,2022-01-01-00
2022-01-01T00:01:13.512Z,1207692895,46251.14000000,ASK,0.00038000,8815689169,8815689158,,2022-01-01-00
2022-01-01T00:01:13.679Z,1207692896,46251.13000000,ASK,0.00038000,8815689179,8815689177,,2022-01-01-00
2022-01-01T00:01:14.069Z,1207692897,46250.80000000,ASK,0.00962000,8815689193,8815689183,,2022-01-01-00
2022-01-01T00:01:14.402Z,1207692898,46249.18000000,BID,0.00423000,8815689206,8815689214,,2022-01-01-00
2022-01-01T00:01:14.652Z,1207692899,46249.18000000,BID,0.00428000,8815689206,8815689221,,2022-01-01-00
2022-01-01T00:01:14.8Z,1207692900,46249.20000000,BID,0.00122000,8815689225,8815689232,,2022-01-01-00
2022-01-01T00:01:14.951Z,1207692901,46250.00000000,BID,0.00270000,8815689238,8815689240,,2022-01-01-00
2022-01-01T00:01:14.951Z,1207692902,46249.20000000,BID,0.00608000,8815689225,8815689240,,2022-01-01-00
2022-01-01T00:01:15.569Z,1207692903,46250.00000000,ASK,0.00879000,8815689270,8815689243,,2022-01-01-00
2022-01-01T00:01:15.575Z,1207692904,46250.00000000,ASK,0.00124000,8815689271,8815689243,,2022-01-01-00
2022-01-01T00:01:15.797Z,1207692905,46250.00000000,ASK,0.00431000,8815689273,8815689243,,2022-01-01-00
2022-01-01T00:01:16.129Z,1207692906,46249.99000000,BID,0.00223000,8815689245,8815689286,,2022-01-01-00
2022-01-01T00:01:16.239Z,1207692907,46250.00000000,ASK,0.00489000,8815689290,8815689243,,2022-01-01-00
2022-01-01T00:01:16.42Z,1207692908,46249.99000000,BID,0.00539000,8815689245,8815689296,,2022-01-01-00
2022-01-01T00:01:16.462Z,1207692909,46249.99000000,BID,0.00093000,8815689245,8815689298,,2022-01-01-00
2022-01-01T00:01:16.778Z,1207692910,46250.00000000,ASK,0.02300000,8815689306,8815689243,,2022-01-01-00
2022-01-01T00:01:16.814Z,1207692911,46249.99000000,BID,0.22878000,8815689245,8815689309,,2022-01-01-00
2022-01-01T00:01:16.814Z,1207692912,46249.99000000,BID,0.06019000,8815689246,8815689309,,2022-01-01-00
2022-01-01T00:01:16.916Z,1207692913,46249.99000000,BID,0.00279000,8815689260,8815689316,,2022-01-01-00
2022-01-01T00:01:16.916Z,1207692914,46249.99000000,BID,0.03063000,8815689264,8815689316,,2022-01-01-00
2022-01-01T00:01:16.916Z,1207692915,46249.99000000,BID,0.05000000,8815689311,8815689316,,2022-01-01-00
2022-01-01T00:01:16.916Z,1207692916,46249.99000000,BID,0.26610000,8815689313,8815689316,,2022-01-01-00
2022-01-01T00:01:16.921Z,1207692917,46250.00000000,ASK,0.02086000,8815689318,8815689243,,2022-01-01-00
2022-01-01T00:01:16.921Z,1207692918,46250.00000000,ASK,0.00145000,8815689318,8815689305,,2022-01-01-00
2022-01-01T00:01:16.921Z,1207692919,46250.01000000,ASK,0.00101000,8815689318,8815689254,,2022-01-01-00
2022-01-01T00:01:16.921Z,1207692920,46250.80000000,ASK,0.08482000,8815689318,8815689183,,2022-01-01-00
2022-01-01T00:01:17.136Z,1207692921,46254.00000000,ASK,0.02300000,8815689380,8815689337,,2022-01-01-00
2022-01-01T00:01:17.337Z,1207692922,46254.00000000,ASK,0.00025000,8815689401,8815689361,,2022-01-01-00
2022-01-01T00:01:17.504Z,1207692923,46254.00000000,ASK,0.00033000,8815689411,8815689361,,2022-01-01-00
2022-01-01T00:01:17.506Z,1207692924,46254.00000000,ASK,0.02300000,8815689412,8815689361,,2022-01-01-00
2022-01-01T00:01:17.511Z,1207692925,46253.99000000,BID,0.06154000,8815689345,8815689413,,2022-01-01-00
2022-01-01T00:01:17.526Z,1207692926,46254.00000000,ASK,0.00160000,8815689416,8815689361,,2022-01-01-00
2022-01-01T00:01:17.554Z,1207692927,46254.00000000,ASK,0.00160000,8815689420,8815689361,,2022-01-01-00
2022-01-01T00:01:17.701Z,1207692928,46254.00000000,ASK,0.00025000,8815689434,8815689361,,2022-01-01-00
2022-01-01T00:01:17.863Z,1207692929,46254.00000000,ASK,0.02300000,8815689443,8815689361,,2022-01-01-00
2022-01-01T00:01:17.948Z,1207692930,46254.00000000,ASK,0.09620000,8815689446,8815689361,,2022-01-01-00
2022-01-01T00:01:17.969Z,1207692931,46254.00000000,ASK,0.00170000,8815689449,8815689361,,2022-01-01-00
2022-01-01T00:01:18.034Z,1207692932,46254.00000000,ASK,0.00800000,8815689457,8815689361,,2022-01-01-00
2022-01-01T00:01:18.189Z,1207692933,46255.79000000,ASK,0.00287000,8815689469,8815689467,,2022-01-01-00
2022-01-01T00:01:18.238Z,1207692934,46255.79000000,ASK,0.02300000,8815689480,8815689467,,2022-01-01-00
2022-01-01T00:01:18.252Z,1207692935,46255.79000000,ASK,0.00553000,8815689483,8815689467,,2022-01-01-00
2022-01-01T00:01:18.398Z,1207692936,46255.79000000,ASK,0.00800000,8815689505,8815689467,,2022-01-01-00
2022-01-01T00:01:18.599Z,1207692937,46254.00000000,ASK,0.02300000,8815689562,8815689538,,2022-01-01-00
2022-01-01T00:01:18.961Z,1207692938,46254.00000000,ASK,0.02300000,8815689584,8815689538,,2022-01-01-00
2022-01-01T00:01:19.068Z,1207692939,46253.99000000,BID,0.00261000,8815689438,8815689589,,2022-01-01-00
2022-01-01T00:01:19.068Z,1207692940,46253.99000000,BID,0.00240000,8815689587,8815689589,,2022-01-01-00
2022-01-01T00:01:19.081Z,1207692941,46254.00000000,ASK,0.00353000,8815689591,8815689538,,2022-01-01-00
2022-01-01T00:01:19.195Z,1207692942,46253.99000000,BID,0.02851000,8815689587,8815689625,,2022-01-01-00
2022-01-01T00:01:19.195Z,1207692943,46253.82000000,BID,0.01191000,8815689455,8815689625,,2022-01-01-00
2022-01-01T00:01:19.195Z,1207692944,46252.48000000,BID,0.00088000,8815689624,8815689625,,2022-01-01-00
2022-01-01T00:01:19.195Z,1207692945,46252.47000000,BID,0.02024000,8815689622,8815689625,,2022-01-01-00
2022-01-01T00:01:19.195Z,1207692946,46254.00000000,ASK,0.00800000,8815689626,8815689538,,2022-01-01-00
2022-01-01T00:01:19.328Z,1207692947,46252.49000000,ASK,0.01730000,8815689652,8815689639,,2022-01-01-00
